2940 3552
612 155 821 215 QUATTUOR
849 153 1025 202 AETATES.
1292 145 1320 195 ll

369 317 535 393 Postquam
553 316 686 376 Saturno
700 313 865 375 tenebrosa
881 311 911 372 in
928 313 1058 374 Tartara
1073 312 1168 376 misso
1267 297 1379 438 'fr‘

326 416 383 475 sub
400 417 474 475 love
491 415 625 475 mundus
640 423 714 488 erat,
731 413 826 476 subiit
842 424 990 493 argentea
1004 414 1115 494 proles,
1253 427 1349 464 ψι-
1362 448 1375 455 --

325 535 399 577 auro
414 515 555 589 deterior,
572 516 655 576 fulvo
672 515 833 593 pretiosior
849 533 928 577 aere.
1275 526 1321 579 ιι5

326 616 464 695 luppiter
478 616 597 695 antiqui
613 615 765 677 contraxit
780 625 920 695 tempora
934 616 1024 691 veris

324 735 439 796 perque
456 717 572 778 hiemes
588 727 754 794 aestusque
771 726 802 778 et
818 717 997 795 inaequales
1012 726 1176 778 autumnos

324 828 354 879 et
369 819 462 878 breve
478 837 530 879 ver
545 818 653 895 spatiis
669 817 771 896 exegit
786 827 931 895 quattuor
945 836 1070 878 annum.

324 919 403 977 Tum
419 917 549 996 primum
565 916 658 979 siccis
673 922 726 979 air
741 917 912 979 fervoribus
928 926 1016 978 ustus

324 1019 458 1091 canduit,
474 1028 505 1078 et
520 1017 621 1078 ventis
636 1018 752 1096 glacies
768 1017 894 1079 astricta
908 1016 1065 1096 pependit.

324 1118 409 1178 Tum
419 1118 549 1196 primum
565 1118 688 1180 subiere
704 1119 825 1179 domus.
872 1120 991 1179 Domus
1006 1127 1095 1180 antra
1109 1120 1232 1180 fuerunt

290 1221 293 1225 ⁴
324 1231 354 1281 et
370 1220 459 1280 densi
474 1219 601 1281 frutices
617 1231 649 1281 et
663 1220 784 1281 vinctae
800 1218 913 1281 cortice
929 1219 1041 1298 virgae.

326 1321 449 1381 Semina
464 1331 528 1381 tum
544 1321 674 1399 primum
690 1321 792 1399 longis
808 1319 948 1382 Cerealia
963 1321 1058 1382 sulcis

324 1422 433 1482 obruta
448 1433 528 1495 sunt,
545 1422 706 1501 pressique
723 1422 793 1502 iugo
808 1439 952 1501 gemuere
968 1420 1097 1482 iuvenci.

365 1522 471 1584 Tertia
485 1533 555 1602 post
572 1523 653 1584 illam
673 1523 823 1584 successit
839 1527 936 1584 alinea
951 1522 1062 1600 proles,

324 1623 444 1683 saevior
459 1623 591 1704 ingeniis
608 1634 639 1686 et
654 1625 694 1685 ad
709 1623 834 1684 horrida
849 1622 1018 1701 promptior
1033 1640 1126 1695 arma,

325 1743 386 1784 non
402 1725 551 1785 scelerata
567 1734 680 1786 tamen.
726 1725 774 1784 De
790 1724 867 1784 duro
882 1733 930 1784 est
946 1723 1052 1784 ultima
1067 1723 1157 1784 ferro.

326 1824 469 1885 Protinus
486 1824 600 1904 inrupit
615 1844 712 1886 venae
727 1823 841 1903 peioris
857 1824 887 1884 in
904 1843 1013 1886 aevum

325 1945 416 1987 omne
432 1927 539 1987 neias:
562 1927 668 2005 fugere
685 1926 784 2005 pudor
798 1945 965 2004 verumque
981 1926 1138 2003 fidesque3

326 2027 356 2086 in
372 2046 502 2104 quorum
519 2026 640 2088 subiere
656 2027 757 2089 locum
774 2027 961 2106 fraudesque
977 2026 1103 2104 dolique

325 2126 518 2206 insidiaeque
533 2139 564 2189 et
578 2128 625 2189 vis
641 2138 672 2188 et
687 2147 772 2189 amor
788 2128 955 2189 sceleratus
970 2127 1116 2188 habendi.

325 2228 403 2288 vua
418 2228 946 2317 dabant.rentis2‚r.es,‚auh,ucnen.e
961 2227 1182 2311 roveretum

311 2329 448 2412 9325in
471 2310 619 2408 quaeque
629 2329 681 2390 diu
698 2328 894 2414 steterentin
910 2327 1068 2389 montibus
1083 2328 1162 2401 altis,

326 2429 469 2491 fluctibus
485 2429 599 2509 ignotis
615 2429 801 2491 insultavere
817 2429 949 2490 carinae.

326 2532 591 2608 Communemque
607 2531 691 2608 prius
707 2550 763 2592 ceu
779 2530 895 2590 lumina
911 2529 986 2590 solis
1001 2539 1033 2590 et
1048 2548 1140 2590 auras

325 2640 435 2691 cautus
450 2629 575 2690 humum
591 2630 684 2709 longo
699 2629 832 2709 signavit
847 2627 942 2690 limite
958 2648 1090 2717 mensor.
1109 2691 1121 2706 l

326 2733 393 2792 Nec
408 2739 528 2790 tantum
544 2739 666 2809 segetes
682 2729 890 2807 alimentaque
906 2729 1010 2791 debita
1024 2730 1113 2790 dives

324 2831 512 2910 poscebatur
526 2830 646 2904 humus,
666 2829 721 2891 sed
737 2829 813 2890 itum
829 2839 877 2891 est
892 2829 923 2889 in
938 2829 1058 2890 viscera
1072 2839 1185 2890 terrae:

325 2949 464 3008 quasque
478 2929 695 2992 recondiderat
710 2928 886 3009 Stygiisque
903 2929 1081 2990 admoverat
1096 2927 1221 3000 umbris,

325 3031 513 3092 effodiuntur
528 3049 612 3108 opes,
630 3029 826 3090 inritamenta
842 3031 1001 3089 malorum.

327 3133 455 3210 Iamque
471 3149 587 3192 nocens
602 3130 716 3192 ferrum
731 3130 876 3206 ferroque
892 3127 1054 3190 nocentius
1070 3145 1176 3187 aurum

311 3217 497 3318 ¹prodierat3
521 3230 625 3309 prodit
640 3229 764 3302 bellum,
781 3228 865 3307 quod
880 3236 997 3305 pugnat
1013 3237 1141 3302 utroque
