2940 3552
666 132 1000 186 AUTOBIOGRAPHY.

336 307 434 366 Tacta
450 303 524 364 mihi
540 302 664 364 tandem
681 303 781 381 longis
796 301 951 363 erroribus
967 313 1036 363 acto

378 406 481 466 iuncta
496 403 681 482 pharetratis
699 403 846 464 Sannatis
861 421 916 463 ora
930 403 1028 465 Getis.

338 507 400 567 Hic
416 525 474 586 ego
489 504 627 566 finitimis
642 493 783 582 quamvis
800 504 1007 566 circumsoner
1023 503 1124 579 armis,

378 607 485 682 tristia,
502 625 564 686 quo
580 625 716 686 possum,
733 604 868 667 carmine
883 605 948 666 lata
964 605 1040 666 levo.

337 710 429 785 Quod
445 707 586 787 quamvis
602 725 693 768 nemo
708 717 756 770 est
773 707 860 768 cuius
876 708 1024 768 referatur
1040 708 1079 767 ad
1095 724 1194 779 aures,

379 811 422 872 sic
438 821 540 871 tamen
558 809 687 870 absumo
702 807 886 887 decipioque
901 807 992 868 diem.

341 915 418 990 Ergo
434 911 518 989 quod
532 911 611 984 vivo,
629 910 775 987 durisque
792 908 950 970 laboribus
966 909 1066 984 obsto,

380 1031 436 1072 nec
453 1029 501 1072 me
517 1009 667 1072 sollicitae
685 1009 788 1072 taedia
803 1009 881 1070 lucis
896 1010 1021 1084 habent,

338 1112 444 1190 gratia,
462 1114 562 1184 Musa,
582 1111 654 1172 tibi!
703 1113 782 1170 Nam
799 1122 832 1171 tu
848 1110 964 1172 solacia
979 1112 1119 1189 praebes,

380 1225 412 1274 tu
428 1233 519 1277 curae
536 1214 665 1291 requies,
684 1225 717 1275 tu
734 1214 886 1275 medicina
902 1214 997 1274 venis.
1043 1271 1047 1278 .

339 1317 387 1375 Tu
403 1316 464 1375 dux
479 1325 510 1377 et
526 1335 629 1377 comes
647 1335 689 1378 es.
709 1365 715 1373 .
734 1317 783 1377 Tu
800 1335 857 1376 nos
873 1315 1001 1377 abducis
1017 1317 1056 1376 ab
1074 1315 1191 1388 Histro,

381 1417 411 1475 in
428 1417 592 1496 medioque
605 1418 679 1477 mihi
695 1418 751 1477 das
769 1417 923 1478 Helicone
939 1418 1048 1478 locum.
1292 1429 1337 1466 ¹²0

340 1517 388 1576 Tu
403 1517 486 1592 mihi,
504 1519 587 1596 quod
603 1538 703 1578 rarum
719 1530 775 1591 est,
793 1518 863 1577 vivo
879 1517 1010 1579 sublime
1026 1515 1139 1578 dedisti

382 1637 503 1692 nomen,
521 1619 560 1678 ab
576 1619 731 1695 exsequiis
748 1618 831 1695 quod
848 1619 921 1678 dare
937 1620 1020 1678 iama
1036 1619 1124 1678 solet.

342 1719 417 1791 Nec,
434 1716 485 1794 qui
501 1719 653 1779 detrectat
669 1717 851 1797 praesentia,
870 1718 962 1779 Livor
978 1717 1084 1796 iniquo

382 1819 476 1878 ullum
493 1819 531 1879 de
548 1819 661 1878 nostris
677 1819 770 1878 dente
786 1818 950 1879 momordit
965 1839 1052 1897 opus.

343 1921 422 1979 Nam
437 1918 563 1981 tulerint
579 1938 707 1997 magnos
723 1937 792 1980 eum
809 1920 933 1980 saecula
949 1931 1055 1982 nostra
1071 1931 1189 1998 poetas,
1293 1931 1337 1984 ¹25

383 2039 445 2078 non
460 2019 519 2080 fuit
535 2019 660 2099 ingenio
674 2021 756 2080 fama
773 2021 908 2100 maligna
923 2041 1001 2082 meo,

342 2122 483 2196 Cumque
498 2137 557 2198 ego
573 2139 761 2198 praeponam
777 2123 889 2181 multos
905 2122 989 2195 mihi,
1006 2141 1068 2182 non
1084 2122 1183 2182 minor
1199 2122 1258 2182 illis

383 2218 469 2280 dicor
484 2230 514 2280 et
530 2219 560 2278 in
577 2229 642 2280 toto
658 2220 805 2299 plurimus
822 2222 896 2282 orbe
912 2222 1005 2300 legor.

344 2319 451 2396 Siquid
467 2319 583 2380 habent
599 2320 690 2398 igitur
706 2331 809 2380 vatum
825 2323 986 2400 praesagia
1002 2321 1074 2395 veri,

384 2421 523 2498 protinus
540 2431 572 2480 ut
589 2421 708 2494 moriar,
726 2442 787 2482 non
803 2441 866 2495 ero,
883 2433 971 2495 terra,
989 2433 1068 2502 tuus.
1294 2436 1340 2488 ¹30

344 2520 413 2580 Sive
429 2521 534 2581 favore
550 2521 614 2594 tuli,
632 2522 696 2583 sive
713 2523 792 2582 hanc
808 2543 866 2603 ego
882 2523 1016 2585 carmine
1032 2524 1155 2597 lamam,

385 2620 448 2682 iure
465 2620 519 2681 tibi
535 2631 647 2699 grates,
664 2622 797 2683 candide
813 2623 917 2696 lector,
935 2644 1001 2703 ago.
