2940 3552
77 114 109 166 10
308 109 673 162 METAMORPHOSEON
693 108 714 157 l.
749 117 838 157 tra-ltu.

76 279 164 341 linxit
179 279 210 340 in
225 278 354 358 effigiem
371 279 583 339 moderantum
599 286 711 337 cuncta
727 276 862 336 deorum.

78 385 239 459 Pronaque
255 399 324 440 cum
341 389 484 459 spectent
500 377 644 439 animalia
659 387 761 439 cetera
776 387 896 447 terram,

76 502 112 542 os
127 481 244 542 homini
262 481 393 542 sublime
408 480 505 554 dedit,
521 479 701 557 caelumque
716 477 821 538 videre
1040 471 1071 538 85

77 583 166 644 iussit
181 592 213 644 et
228 591 348 644 erectos
365 582 404 642 ad
420 581 523 642 sidera
537 581 644 642 tollere
660 581 772 640 vultus.

79 684 139 756 Sic,
155 683 249 744 modo
264 701 343 760 quae
358 683 460 743 luerat
475 681 560 742 rudis
575 690 607 740 et
622 680 689 741 sine
705 677 847 756 imagine,
864 676 954 738 tellus

78 782 178 843 induit
193 781 313 861 ignotas
329 782 488 842 hominum
504 798 653 841 conversa
668 779 790 858 figuras.

58 846 223 942 silurea
237 881 335 960 prima
350 891 417 942 sata
432 891 480 942 est
497 890 591 952 aetas,
608 898 686 957 quae
701 878 824 938 vindice
841 877 932 947 nullo,

78 988 190 1058 sponte
205 998 270 1053 sua,
287 979 355 1040 sine
370 981 437 1059 lege
453 979 545 1040 fidem
560 989 738 1057 rectumque
754 978 883 1039 colebat.
1040 987 1072 1038 9ο

26 1094 30 1109 ’
80 1083 185 1141 Poena
199 1090 362 1157 metusque
377 1079 514 1152 aberant,
531 1098 589 1141 nec
605 1079 698 1140 verba
713 1077 844 1138 minacia
859 1077 920 1135 fixo

79 1198 149 1240 aere
164 1179 354 1258 legebantur,
371 1197 430 1240 nec
446 1180 576 1258 supplex
593 1179 683 1240 turba
698 1178 825 1240 timebat

79 1279 189 1340 iudicis
204 1298 258 1340 ora
273 1279 329 1353 sui,
346 1278 402 1340 sed
417 1289 505 1340 erant
519 1279 587 1339 sine
603 1278 727 1341 vindice
741 1278 808 1340 tuti.

81 1380 227 1440 Nondum
242 1397 333 1440 caesa
347 1380 421 1453 suis,
437 1379 631 1457 peregrinum
647 1389 682 1439 ut
695 1379 808 1440 viseret
822 1379 937 1450 orbem,

81 1479 238 1540 montibus
252 1478 283 1538 in
299 1478 433 1557 liquidas
448 1479 540 1557 pinus
555 1478 759 1541 descenderat
775 1479 883 1551 undas,
1044 1489 1073 1543 05

81 1578 226 1656 nullaque
241 1578 385 1640 mortales
400 1588 521 1657 praeter
536 1599 592 1640 sua
607 1581 697 1640 litora
712 1590 830 1641 norant.

82 1679 229 1739 Nondum
245 1678 429 1758 praecipites
444 1680 611 1759 cingebant
627 1680 743 1759 oppida
757 1680 878 1753 fossae3

82 1799 144 1840 non
159 1781 235 1841 tuba
249 1779 366 1854 directi,
383 1800 445 1843 non
461 1782 539 1843 aeris
555 1800 672 1843 cornua
685 1781 764 1855 flexi,

82 1900 143 1942 non
158 1882 274 1961 galeae,
291 1901 354 1942 non
369 1882 453 1944 ensis
468 1892 575 1956 erant3
598 1883 665 1943 sine
681 1882 785 1944 militis
801 1903 859 1944 usu

82 1982 185 2042 mollia
200 2001 328 2043 securae
344 1984 534 2062 peragebant
548 1983 612 2044 otia
626 1992 744 2062 gentes.
1030 1993 1075 2031 ¹00

82 2084 156 2159 Ipsa
172 2101 295 2159 quoque
311 2082 455 2144 immunis
469 2093 630 2161 rastroque
646 2084 761 2144 intacta
777 2103 833 2143 nec
849 2084 919 2144 ullis

81 2183 187 2242 saucia
201 2182 375 2244 vomeribus
391 2202 446 2261 per
460 2202 494 2245 se
510 2183 605 2245 dabat
619 2184 723 2246 omnia
737 2185 844 2256 tellus;

81 2282 280 2360 contentique
294 2281 373 2344 cibis
389 2283 473 2344 nullo
488 2295 619 2362 cogente
635 2284 746 2345 creatis

81 2383 226 2444 arbuteos
241 2382 324 2443 letus
339 2393 548 2462 montanaque
563 2384 651 2462 fraga
666 2384 810 2462 legebant

80 2500 235 2560 cornaque
251 2491 282 2542 et
298 2481 329 2541 in
344 2483 430 2543 duris
444 2483 603 2544 haerentia
618 2502 704 2543 mora
718 2484 834 2544 rubetis

80 2591 111 2640 et
126 2601 206 2659 quae
220 2567 522 2659 deciderant'patula
538 2582 622 2643 Iovis
638 2583 746 2644 arbore
760 2584 898 2662 glandes.

80 2683 142 2741 Ver
156 2691 223 2742 erat
237 2691 404 2755 aeternum,
422 2681 598 2761 placidique
614 2683 791 2762 tepentibus
806 2685 889 2744 auris

79 2782 256 2843 mulcebant
272 2782 396 2862 zephyri
412 2793 502 2844 natos
516 2783 584 2844 sine
599 2783 716 2845 semine
732 2784 831 2846 flores.

80 2882 157 2942 Mox
171 2881 263 2943 etiam
278 2883 382 2962 fruges
398 2882 489 2944 tellus
504 2882 623 2944 inarata
637 2884 765 2958 ferebat,

79 2999 137 3043 nec
151 2991 317 3044 renovatus
333 3001 406 3061 ager
419 2982 555 3062 gravidis
570 2985 703 3045 canebat
718 2984 820 3046 aristis
832 3009 839 3057 ;

79 3081 206 3142 flumina
219 3081 280 3143 iam
295 3082 393 3157 lactis,
410 3082 471 3143 iam
486 3083 614 3146 flumina
630 3085 764 3146 nectaris
779 3085 875 3160 ibant,

80 3181 218 3261 flavaque
234 3183 273 3243 de
289 3182 378 3244 viridi
394 3182 553 3245 stillabant
568 3184 637 3246 ilice
653 3185 752 3247 mella.
