2940 3552
686 115 905 166 PHAETHON.

342 288 460 350 Emicat
475 289 628 366 extemplo
643 289 742 348 laetus
757 296 828 366 post
844 286 918 347 talia
933 285 1038 346 matris

299 390 381 463 dicta
395 408 470 450 suae
487 390 646 450 Phaethon
661 399 692 450 et
707 388 843 466 concipit
858 389 982 448 aethera
998 389 1109 462 mente,

299 491 530 569 Aethiopasque
546 509 619 550 suos
634 489 814 568 positosque
829 479 887 549 sub
903 487 1026 567 ignibus
1043 487 1138 548 Indos

299 590 427 650 sidereis
442 590 552 650 transit
568 590 746 667 patriosque
762 589 826 650 adit
841 589 970 667 impiger
984 597 1077 648 ortus

624 841 734 891 LIBER
760 840 967 892 SECUNDUS.

301 995 408 1052 Recta
425 940 507 1054 Solis'
520 1003 586 1052 erat
602 959 786 1052 sublimibus
802 989 864 1050 alta
880 991 1042 1104 colpmnis‚

300 1092 382 1151 clara
396 1068 549 1164 micante
545 1111 618 1153 auro
612 1061 858 1169 flammasque'
851 1071 990 1158 imitante
1006 1109 1131 1170 pyropo,

300 1192 387 1251 cuius
402 1183 478 1251 ebur
493 1191 623 1251 nitidum
639 1171 769 1290 lastigia
778 1211 898 1250 summa
913 1192 1046 1270 tegebat,

300 1279 417 1370 argenti
433 1292 549 1353 bifores
565 1277 726 1368 radiabant
742 1277 856 1353 lumine
872 1293 987 1354 valvae

302 1355 464 1452 Materiam
480 1383 645 1489 superabat
659 1411 748 1470 opus.
794 1395 875 1453 Nam
893 1369 1046 1452 Mulciber
1060 1391 1155 1452 illic

301 1511 435 1576 aequora
450 1477 584 1554 caelarat
599 1494 717 1554 medias
733 1493 889 1571 cingentia
905 1503 1000 1555 terras

301 1603 530 1684 terrarumque
524 1595 631 1654 orbem
646 1595 837 1671 caelumque,
854 1594 960 1684 quod
953 1585 1091 1653 rinminet
1106 1592 1182 1654 orbi.

302 1676 468 1754 Caeruleos
483 1693 577 1754 habet
593 1677 676 1752 unda
692 1694 777 1767 deos,
795 1681 925 1754 Tritona
940 1713 1095 1768 canorum,

303 1796 480 1872 Proteaque
488 1794 676 1873 ambrguum
693 1741 966 1872 ballaienarumque
982 1805 1172 1874 prementem

301 1887 469 1975 Aegaeona
484 1894 548 1954 suis
564 1894 709 1954 immania
724 1905 808 1974 terga
823 1877 956 1970 lacertis,
1265 1910 1295 1946 ¹0

304 1995 490 2120 Doridaqup
498 2005 529 2056 et
545 2007 643 2070 natas
661 2016 790 2075 quarum
806 2017 877 2076 pars
893 2017 967 2058 nare
982 1998 1111 2072 videtur,

302 2114 372 2173 pars
388 2114 419 2154 rn
435 2097 515 2186 mple
531 2097 644 2157 sedens
659 2097 813 2158 virides'
790 2117 906 2158 siccare
922 2099 1058 2177 capillos,

302 2196 386 2273 pisce
401 2195 472 2256 vehi
488 2199 651 2274 quaedam.
698 2199 805 2259 Facies
822 2219 884 2260 non
900 2200 1043 2260 omnibus
1059 2221 1129 2274 una,

302 2317 359 2359 nec
374 2298 496 2358 diversa
511 2308 631 2371 tamen;
655 2300 776 2412 qualem
794 2300 883 2360 decet
899 2320 968 2361 esse
984 2320 1129 2362 sororum.

302 2397 438 2458 Terra
411 2417 493 2459 vrros
508 2399 661 2477 urbesque
677 2367 755 2477 gerit
771 2369 926 2476 silvasque
942 2400 1085 2478 ferasque
1135 2435 1138 2443 =
1265 2415 1294 2468 Ι5

302 2498 498 2588 fluminaque
505 2508 536 2559 et
552 2500 703 2602 nymphas
719 2510 750 2560 et
765 2509 867 2560 cetera
882 2500 1008 2560 numina
1023 2502 1109 2562 ruris.

304 2600 392 2660 Haec
407 2618 499 2677 super
515 2599 660 2678 imposita
667 2603 723 2660 est
738 2601 816 2660 caeli
831 2600 1001 2680 fulgentis
994 2621 1102 2679 imago,

302 2699 451 2778 signaque
467 2719 521 2760 sex
536 2700 656 2760 loribus
672 2676 795 2772 dextris,
814 2701 1006 2779 totidemque
1021 2701 1161 2762 sinistris.
1246 2753 1248 2757 .

344 2801 415 2876 Quo
431 2801 520 2861 simul
537 2801 654 2862 acclivo
671 2803 852 2880 Clymeneia
867 2802 962 2862 limite
979 2802 1079 2880 proles

301 2901 385 2962 venit
401 2912 431 2963 et
446 2901 571 2962 intravit
587 2901 718 2962 dubitati
735 2911 817 2975 tecta
833 2902 979 2980 parentis,

301 3002 440 3080 protinus
457 3003 497 3062 ad
511 3003 626 3081 patrios
642 3021 698 3062 sua
713 3003 774 3062 lert
789 3003 917 3080 vestigia
932 3003 1036 3063 vultus

302 3103 503 3180 consistitque
519 3103 640 3180 procul;
665 3122 765 3181 neque
781 3102 862 3162 enim
880 3104 1022 3180 propiora
1037 3103 1156 3162 ferebat

302 3197 425 3262 lumina.
470 3205 625 3279 Purpurea
641 3203 759 3261 velatus
775 3211 861 3262 veste
877 3203 1004 3262 sedebat
