2940 3552
709 139 925 190 PHAETHON.
1280 138 1313 188 49

318 313 397 373 colla
412 311 484 392 iugo
500 311 634 389 eripiunt
651 311 843 388 abruptaque
858 308 923 368 lora
938 307 1122 386 relinquunt.
1264 318 1313 372 ³¹5

319 413 386 472 Illic
400 413 488 472 irena
504 411 615 484 iacent,
632 411 694 471 illic
709 421 833 471 temone
848 410 988 469 revulsus

319 513 393 588 axis,
410 513 441 572 in
457 515 517 573 hac
531 512 608 573 radii
624 513 791 574 fractarum
807 520 894 590 parte
909 521 1051 582 rotarum,

318 632 488 692 sparsaque
504 622 576 672 sunt
591 612 651 674 late
667 611 761 673 laceri
776 609 906 688 vestigia
922 628 1036 670 currus.

360 719 401 774 At
419 714 588 786 Phaethon,
605 714 711 774 rutilos
728 713 851 772 flamma
865 711 1034 789 populante
1049 709 1186 788 capillos,

320 815 448 875 volvitur
464 814 495 874 in
512 833 662 893 praeceps
678 814 833 892 longoque
849 831 904 889 per
919 815 991 898 alera
1006 821 1104 872 tractu
1265 822 1313 874 3²0

320 916 421 988 fertur,
439 924 472 975 ut
487 915 640 974 interdum
656 915 695 974 de
711 915 797 974 caelo
812 911 902 972 stella
917 931 1035 983 sereno,

318 1014 376 1074 etsi
392 1034 453 1075 non
469 1014 590 1089 cecidit,
607 1014 707 1093 potuit
721 1013 872 1074 cecidisse
888 1012 992 1072 videri.

319 1114 419 1189 Quem
435 1115 541 1194 procul
557 1134 575 1175 a
590 1114 689 1194 patria
705 1113 827 1174 diverso
843 1113 994 1172 maximus
1009 1113 1084 1172 orbe

319 1215 431 1307 expipit
449 1214 601 1275 Eridanus
615 1213 943 1330 fumantiaquelabluit
958 1231 1020 1273 ora.
1045 1278 1048 1294 Ι

320 1315 436 1375 Naides
455 1315 627 1393 Hesperiae
643 1316 745 1375 trifida
760 1314 911 1374 fumantia
925 1313 1048 1373 flamma
1264 1325 1312 1378 325

318 1399 447 1492 corpora
463 1416 539 1475 dant
553 1416 680 1488 tumulo,
697 1415 821 1494 signant
837 1431 960 1490 quoque
976 1413 1110 1472 carmine
1125 1433 1248 1473 saxum:

320 1514 401 1574 ‘Hic
417 1514 495 1574 situs
510 1526 558 1574 est
574 1515 745 1588 Phaethon,
763 1534 870 1574 currus
885 1513 990 1591 auriga
1006 1513 1134 1591 paterni.

319 1613 419 1688 Quem
435 1614 461 1674 si
477 1634 538 1674 non
556 1614 662 1688 tenuit,
680 1616 800 1694 magnis
816 1625 917 1674 tamen
935 1612 1048 1675 excidit
1063 1613 1165 1674 ausis!

321 1716 398 1772 Nam
415 1724 501 1792 pater
516 1716 677 1788 obductos,
695 1716 778 1776 luctu
795 1714 978 1775 miserabilis
995 1733 1094 1794 aegro,

319 1814 500 1874 condiderat
515 1814 633 1889 vultus;
656 1816 728 1876 etsi
745 1816 837 1876 modo
853 1815 1016 1889 credimus,
1033 1836 1126 1877 unum
1264 1829 1313 1881 330

319 1915 380 1976 isse
395 1915 477 1975 diem
492 1915 558 1975 sine
575 1916 640 1977 sole
656 1917 767 1978 ierunt.
814 1917 965 1977 Incendia
980 1917 1082 1976 lumen

320 2016 510 2093 praebebant
525 2017 699 2095 aliquisque
715 2018 796 2078 malo
811 2019 870 2078 luit
885 2037 958 2078 usus
974 2018 1004 2077 in
1022 2019 1082 2078 illo.

361 2117 403 2177 At
419 2117 566 2196 Clymene
581 2129 744 2195 postquam
762 2118 839 2180 dixit
854 2138 1067 2196 quaecumque
1083 2120 1205 2179 luerunt

319 2216 349 2275 in
365 2217 459 2277 tantis
475 2217 608 2280 dicenda
624 2219 721 2291 malis,
738 2219 875 2297 lugubris
891 2230 921 2280 et
937 2239 1043 2281 amens

319 2327 349 2376 et
365 2317 480 2378 laniata
495 2318 582 2378 sinus
599 2329 695 2379 totum
712 2320 888 2397 percensuit
903 2323 1024 2393 orbem;
1266 2334 1313 2387 335

319 2418 537 2496 exanimesque
554 2429 638 2479 artus
653 2421 761 2498 primo,
777 2441 848 2481 mox
863 2440 936 2481 ossa
951 2422 1117 2498 requirens,

319 2520 453 2597 repperit
468 2539 540 2580 ossa
556 2531 659 2582 tamen
676 2522 838 2600 peregrina
854 2523 980 2583 condita
994 2522 1068 2599 ripa,

320 2619 519 2697 incubuitque
535 2620 612 2694 loco,
629 2641 803 2698 nomenque
820 2622 850 2681 in
867 2641 1015 2682 marmore
1031 2623 1144 2682 lectum

318 2719 453 2797 perfudit
469 2721 609 2781 lacrimes
625 2733 656 2782 et
671 2733 776 2800 aperto
792 2732 916 2800 pectore
931 2722 1016 2782 fovit.

310 2864 313 2873 s
362 2821 545 2882 Necminus
563 2823 712 2883 Heliades
728 2823 832 2901 lugent
848 2834 878 2883 et
895 2823 998 2882 inania
1014 2823 1102 2882 morti
1265 2835 1313 2887 340

319 2940 444 2981 munera
460 2923 535 2983 dant
551 2923 700 2997 lacrimas,
718 2934 749 2984 et
764 2943 875 2984 caesae
890 2934 1014 3002 pectora
1029 2923 1139 3001 palmis

320 3041 381 3083 non
398 3023 571 3084 auditurum
588 3024 716 3084 miseras
733 3025 928 3085 Phaethonta
944 3025 1094 3102 querellas

319 3134 409 3184 nocte
425 3125 537 3202 dieque
554 3137 666 3186 vocant
681 3135 939 3201 asternunturque
955 3125 1105 3202 sepulcro.

321 3225 407 3282 Luna
423 3235 531 3301 quater
547 3225 660 3285 iunctis
676 3225 816 3302 implerat
832 3224 977 3284 cornibus
992 3224 1116 3294 orbem;
