2940 3552
100 79 133 126 46
318 39 682 126 usriuoiluosrou
703 74 738 123 11.
774 85 877 124 nessi.

103 247 245 323 Ossaque
261 264 330 305 curn
347 245 447 305 Pindo
463 244 620 322 maiorque
636 244 787 303 ambobus
803 244 954 321 Olympus
1048 254 1095 306 ²²5

102 346 265 423 a'e'riaeque
282 345 378 423 Alpes
393 355 423 406 et
440 345 562 405 nubiler
577 343 791 422 Appenninus.

143 447 223 505 Turn
238 465 311 506 vero
328 447 489 507 Phaethon
504 445 624 505 cunctis
639 464 656 505 e
670 444 810 522 partibus
824 445 929 504 orbem

102 546 213 624 aspicit
228 564 392 606 accensum
408 565 466 606 nec
481 556 583 606 tantos
592 544 731 605 sustinet
746 555 860 628 aestus,

102 648 320 725 ferventesque
335 666 426 706 auras
441 648 525 707 velut
540 666 557 706 e
572 647 697 705 lornace
713 646 866 723 protunda

103 767 155 807 ore
171 747 272 821 trahit,
289 765 456 825 currusque
472 767 545 808 suos
560 747 747 806 candescere
762 745 863 806 sentit.
1048 757 1096 807 ²30

105 850 142 908 Et
157 866 257 925 neque
272 847 333 906 iam
348 848 468 908 cineres
483 847 707 925 eiectatamque
721 846 856 906 favillam

104 948 182 1008 lerre
198 956 309 1024 potest,
325 947 488 1024 calidoque
504 946 668 1007 involvitur
683 947 819 1024 undique
834 947 927 1017 lumo,

104 1065 227 1124 quoque
242 1057 292 1107 eat
307 1057 360 1106 aut
376 1046 428 1106 ubi
443 1047 493 1118 sit,
510 1047 597 1124 picea
614 1046 744 1124 caligine
759 1056 859 1106 tectus

105 1146 212 1220 nescit,
229 1155 260 1206 et
276 1145 401 1207 arbitrio
416 1146 572 1207 volucrum
589 1156 728 1224 raptatur
742 1166 899 1224 equorum.

147 1246 301 1324 Sanguine
317 1255 392 1307 tunc
406 1247 537 1306 credunt
552 1247 583 1306 in
599 1265 729 1324 corpora
743 1265 862 1306 summa
878 1259 987 1306 vocato
1048 1259 1095 1310 235

105 1345 291 1424 Aethiopum
307 1346 439 1424 populos
454 1347 574 1424 nigrum
591 1347 720 1406 traxisse
736 1347 877 1406 colorem.

104 1448 184 1505 Turn
199 1446 281 1506 iacta
295 1455 343 1505 est
359 1445 455 1525 Libye
471 1446 566 1524 raptis
581 1445 739 1506 umoribus
754 1455 841 1506 aestu

105 1545 198 1606 arida.
243 1545 323 1605 Turn
339 1546 492 1624 nymphae
508 1546 609 1624 passis
623 1545 789 1623 fontesque
804 1547 951 1622 lacusque

104 1645 256 1706 deflevere
272 1645 377 1706 comis.
423 1645 551 1720 Quaerit
567 1646 693 1706 Boeotia
710 1645 832 1718 Dircen,

106 1749 204 1823 Argos
221 1749 424 1825 Amymonen,
442 1746 563 1826 Ephyre
580 1745 741 1807 Pirenidas
757 1747 865 1806 undas.
1050 1761 1097 1804 ²⁴0

106 1847 172 1906 Nec
188 1845 296 1906 sortita
311 1845 380 1906 loco
396 1845 546 1906 distantes
562 1845 687 1906 flumina
703 1845 785 1924 ripas

105 1955 171 2005 tuta
185 1954 320 2005 manent.
366 1945 479 2006 Mediis
495 1944 611 2006 Tanais
626 1946 756 2006 fumavit
771 1945 801 2005 in
817 1948 909 2006 undis

107 2048 288 2123 Peneosque
303 2064 399 2105 senex
413 2047 704 2124 Teuthranteusque
720 2047 834 2108 Caicus

105 2156 135 2206 et
150 2147 233 2207 celer
248 2148 389 2206 Ismenos
404 2166 473 2208 eum
491 2148 644 2226 Phegiaco
660 2148 849 2227 Erymantho

106 2265 293 2325 arsurusque
308 2245 418 2308 iterum
434 2250 578 2310 Xanthus
593 2247 754 2327 flavusque
771 2251 946 2328 Lycormas,
1051 2262 1098 2313 2⁴5

106 2347 220 2426 quique
236 2349 403 2410 recurvatis
418 2349 496 2410 ludit
511 2350 701 2409 Maeandros
716 2349 747 2408 in
763 2347 862 2421 undis,

107 2449 358 2528 Mygdoniusque
375 2449 477 2510 Melas
491 2458 523 2510 et
537 2449 709 2510 Taenarius
725 2451 864 2510 Eurotas.

105 2549 190 2610 Arsit
204 2558 236 2610 et
252 2550 425 2627 Euphrates
441 2549 638 2630 Babylonius,
655 2551 730 2610 arsit
745 2550 880 2611 Orontes

106 2649 366 2728 Thermodonque
380 2649 461 2710 citus
476 2652 665 2729 Gangesque
680 2660 712 2712 et
726 2651 837 2712 Phasis
853 2662 884 2711 et
901 2651 1016 2711 Hister.

107 2753 237 2812 Aestuat
251 2750 400 2829 Alpheus,
416 2750 501 2828 ripae
518 2752 723 2829 Spercheides
739 2753 856 2825 ardent,
1050 2764 1098 2816 ²50

105 2852 253 2930 quodque
267 2870 324 2914 suo
339 2852 445 2932 Tagus
460 2871 550 2912 amne
565 2853 658 2926 vehit,
674 2851 741 2914 fluit
756 2853 889 2931 ignibus,
905 2871 1030 2926 aurum,

105 2963 136 3012 et
151 2971 230 3030 quae
247 2951 409 3012 Maeonias
423 2952 616 3013 celebrarant
630 2953 766 3014 carmine
780 2953 863 3031 ripas

106 3052 270 3112 flumineae
285 3050 435 3125 volucres,
450 3054 553 3114 medio
567 3053 689 3114 caluere
705 3056 845 3132 Caystro.

109 3152 200 3211 Nilus
214 3150 246 3210 in
262 3162 430 3212 extremum
443 3153 524 3230 lugit
538 3153 715 3230 perterritus
730 3154 835 3214 orbem
