2940 3552
728 135 936 187 AGLAUROS.

378 310 521 387 Denique
537 309 567 368 in
584 309 715 369 adverso
730 307 905 366 venientem
922 306 1025 365 limine
1042 307 1122 367 sedit

335 411 496 470 exclusura
511 410 612 470 deum.
658 407 715 468 Cui
732 407 943 466 blandimenta
959 425 1127 483 precesque

335 511 490 588 verbaque
506 509 631 569 iactanti
647 507 818 580 mitissima,
838 507 991 578 ‘Desine'
1007 506 1092 578 dixit,

337 611 427 671 ‘hinc
441 630 499 688 ego
515 629 563 670 me
579 629 641 669 non
657 628 725 668 sum
742 608 801 668 nisi
816 619 846 669 te
864 618 982 668 motura
997 607 1141 685 repulso.'

336 712 498 783 ‘Stemus'
514 710 566 784 ait,
584 711 710 787 ‘pact0,'
727 710 816 770 velox
833 709 999 788 Cyllenius
1017 709 1113 781 ‘isto,'

335 812 533 888 caelatasque
548 812 632 870 fores
647 812 732 887 virga
747 809 902 887 patefecit
949 813 991 869 At
1006 808 1049 867 illi

336 930 459 990 surgere
475 911 608 984 conanti,
626 921 729 989 partes
745 929 955 987 quascumque
971 911 1109 969 sedendo

336 1011 487 1072 flectimus
503 1011 613 1090 ignava
630 1019 787 1088 nequeunt
802 1009 951 1088 gravitate
967 1010 1092 1069 moveri.

337 1112 394 1171 Illa
408 1111 534 1188 quidem
550 1120 667 1188 pugnat
682 1120 765 1170 recto
780 1129 814 1169 se
830 1109 968 1169 attollere
985 1119 1103 1182 trunc0,

335 1213 390 1272 sed
405 1230 539 1289 genuum
555 1210 696 1271 iunctura
711 1211 797 1290 riget,
814 1210 972 1288 frigusque
988 1227 1042 1286 per
1057 1209 1170 1286 inguen

336 1311 455 1383 labitur,
473 1321 503 1371 et
519 1311 635 1388 pallent
651 1311 764 1371 amisso
779 1310 929 1388 sanguine
945 1328 1051 1370 venae.

336 1412 441 1487 thue
456 1412 569 1470 malum
585 1411 646 1471 late
663 1412 740 1471 solet
755 1409 980 1470 immedicabile
995 1428 1107 1469 cancer

336 1530 458 1588 serpere
473 1521 505 1571 et
520 1495 653 1572 inlaesas
668 1511 783 1571 vitiatis
800 1511 913 1570 addere
929 1521 1041 1587 partes,

335 1611 379 1670 sic
394 1611 495 1671 letalis
510 1611 609 1670 hiems
625 1611 771 1688 paulatim
788 1611 818 1669 in
836 1621 961 1689 pectora
976 1610 1059 1671 venit

335 1710 505 1788 vitalesque
521 1711 586 1770 vias
602 1722 632 1771 et
648 1710 850 1787 respiramina
865 1711 985 1771 elausit.

336 1813 363 1870 N
367 1829 403 1871 ec
418 1822 529 1872 conata
546 1811 630 1888 loqui
646 1822 702 1883 est,
720 1831 785 1884 nee,
802 1811 829 1870 si
844 1821 956 1871 conata
971 1812 1090 1884 luisset,

335 1911 419 1972 vocis
435 1912 571 1972 habebat
587 1911 651 1972 iter.
698 1913 810 1972 Saxum
827 1911 887 1970 iam
903 1913 982 1973 eolla
997 1914 1132 1986 tenebat,

334 2030 449 2090 oraque
465 2013 641 2084 duruerant,
659 2012 842 2090 signumque
858 2031 1014 2090 exsangue
1031 2014 1169 2075 sedebat.

336 2115 402 2172 Nec
417 2113 496 2191 lapis
512 2113 601 2172 albus
617 2122 700 2174 erat:
725 2133 781 2172 sua
795 2132 883 2172 mens
899 2113 1048 2174 iniecerat
1064 2114 1154 2175 illam.

378 2216 446 2274 Has
462 2214 513 2275 ubi
530 2214 691 2274 verborum
707 2233 825 2291 poenas
840 2214 1015 2291 mentisque
1031 2216 1179 2294 profanae

334 2313 416 2392 cepit
431 2314 635 2388 Atlantiades,
653 2315 752 2375 dietas
768 2334 786 2374 a
803 2315 928 2375 Pallade
944 2326 1041 2376 terras

334 2415 446 2492 linquit
460 2426 492 2476 et
507 2415 676 2493 ingreditur
691 2415 813 2476 iactatis
829 2415 954 2476 aethera
969 2417 1090 2494 pennis.

335 2517 465 2576 Sevocat
480 2515 562 2575 hunc
576 2515 703 2594 genitor.
751 2517 818 2576 Nee
834 2535 957 2576 causam
973 2517 1076 2577 fassus
1091 2517 1203 2577 amoris

335 2616 428 2676 ‘Fide
444 2615 602 2689 minister,’
619 2617 669 2690 ait,
689 2619 866 2690 ‘iussorum
884 2630 965 2691 nate,
983 2637 1128 2691 meorum,

334 2718 412 2794 pelle
428 2737 542 2778 moram
559 2717 712 2796 solitoque
728 2718 809 2778 celer
824 2719 968 2779 delabere
984 2739 1084 2792 cursu,

333 2837 473 2895 quaeque
490 2828 573 2877 tuam
589 2829 716 2879 matrem
732 2819 823 2879 tellus
838 2835 855 2878 a
872 2829 959 2897 parte
975 2819 1100 2880 sinistra

333 2919 471 2995 suspicit,
489 2918 653 2997 indigenae
669 2919 818 2980 Sidonida
834 2920 959 2981 nomine
975 2920 1091 2992 dicunt,

334 3019 413 3078 hanc
428 3031 505 3096 pete,
523 3021 668 3097 quodque
684 3019 790 3099 procul
806 3030 955 3081 montano
970 3020 1107 3098 gramine
1124 3021 1209 3097 pasci

333 3130 503 3204 armentum
519 3122 621 3198 regale
637 3119 732 3194 vides,
750 3121 789 3180 ad
805 3121 895 3180 litora
910 3123 1013 3181 verte.’

376 3221 469 3293 Dixit,
486 3231 517 3280 et
532 3221 650 3299 expulsi
669 3221 845 3279 iamdudum
864 3230 966 3281 monte
983 3219 1103 3278 iuvenci
