2940 3552
95 109 128 158 ro
322 107 685 182 us'rauouuuoseon
705 107 725 154 1.
760 115 863 154 urae.

97 277 214 337 Naides
229 276 379 353 ignorant,
397 275 516 354 ignorat
532 285 563 334 et
580 275 716 334 Inachus
732 274 807 351 ipse,

96 397 174 455 quae
190 377 238 437 sit.
284 380 325 437 At
341 377 392 435 illa
408 385 525 453 patrem
542 377 681 452 sequitur
696 375 894 452 sequiturque
912 395 1041 446 sorores

96 490 126 539 et
141 477 253 556 patitur
268 477 353 556 tangi
369 496 464 554 seque
480 476 705 537 admirantibus
721 475 819 536 offert.

98 582 269 656 Decerptas
284 577 388 638 senior
402 587 579 655 porrexerat
589 576 732 636 “inachus
748 577 874 649 herbas;
1042 576 1090 640 645

96 681 147 738 illa
162 698 271 738 manus
287 679 394 739 lambit
408 678 576 756 patriisque
593 678 647 736 dat
662 677 769 737 oscula
784 677 902 754 palmis,

97 801 154 840 nec
169 780 281 840 retinet
296 781 437 839 lacrimas
453 790 491 850 et,
508 779 534 837 si
551 778 642 838 modo
658 780 752 837 verba
767 790 944 854 sequantur,

97 891 163 940 oret
178 899 267 957 opem
284 899 458 956 nomenque
475 899 564 939 suum
580 898 732 956 casusque
748 880 898 955 loquatur.

99 982 213 1041 Littera
228 1001 283 1058 pro
298 981 410 1052 verbis,
428 999 518 1057 quam
535 1000 590 1058 pes
606 981 637 1038 in
654 980 778 1056 pulvere
794 979 888 1049 (luxit,

98 1081 235 1157 corporis
251 1080 397 1139 indicium
414 1081 522 1140 mutati
537 1081 624 1140 triste
640 1080 767 1158 peregit.
1043 1079 1092 1143 ⁶50

141 1183 208 1240 ‘Me
220 1180 363 1239 miserum
375 1180 396 1238 l’
417 1180 567 1240 exclamat
579 1191 667 1257 pater
677 1180 821 1251 Inachus,
837 1181 929 1256 inque
941 1179 1092 1255 gementis

98 1281 244 1339 cornibus
259 1291 290 1339 et
305 1280 412 1338 niveae
428 1280 569 1356 pendens
584 1279 704 1338 cervice
719 1279 867 1338 iuvencae

100 1389 106 1414 ⁴
119 1382 172 1438 Me
188 1381 329 1439 miserum
342 1380 368 1438 !'
392 1379 568 1456 ingeminat,
584 1387 673 1437 ‘tune
685 1398 719 1438 es
732 1380 871 1455 quaesita
888 1399 941 1454 per
955 1397 1072 1447 omnes,

100 1490 180 1550 nata,
198 1479 271 1536 mihi
287 1481 404 1538 terras?
428 1489 461 1536 tu
475 1497 535 1537 non
554 1478 678 1537 inventa
694 1489 815 1555 reperta

99 1581 200 1639 luctus
215 1598 283 1638 eras
299 1578 402 1638 levior.
449 1579 582 1648 ReticeS,
601 1598 658 1637 nec
673 1589 779 1637 mutua
795 1579 907 1636 nostris
1044 1577 1093 1642 655

100 1680 184 1737 dicta
198 1680 304 1750 reiers,
321 1679 383 1736 alto
398 1689 517 1737 tantum
533 1680 665 1754 suspiria
680 1679 767 1738 ducis

100 1790 232 1854 pectore,
248 1779 394 1855 quodque
412 1797 504 1837 unum
521 1789 619 1855 potes,
637 1779 677 1838 ad
693 1797 760 1838 rnea
775 1780 869 1838 verba
884 1779 1024 1855 remugis.

102 1882 142 1936 At
158 1879 213 1937 tibi
229 1897 287 1955 ego
303 1876 427 1955 ignarus
442 1879 594 1938 thalamos
610 1879 779 1954 taedasque
795 1880 949 1957 parabam,

101 1997 233 2054 spesque
249 1977 307 2036 iuit
321 1978 426 2056 generi
442 1978 516 2036 mihi
532 1978 638 2054 prima,
655 1980 792 2039 secunda
808 1989 962 2055 nepotum.

104 2079 150 2136 De
161 2097 254 2155 grege
267 2097 349 2137 nunc
362 2078 416 2138 tibi
429 2079 481 2149 vir,
496 2098 576 2138 nunc
589 2081 628 2138 de
639 2098 731 2156 grege
744 2090 835 2138 natus
846 2079 1016 2138 habendus,
1044 2079 1093 2127 ⁶60

103 2180 169 2237 Nec
184 2177 270 2236 finire
286 2178 358 2237 licet
374 2189 476 2238 tantos
492 2179 566 2236 mihi
583 2190 678 2240 morte
694 2180 832 2251 dolores,

102 2279 157 2337 sed
172 2289 263 2337 nocet
279 2297 347 2338 esse
363 2278 464 2352 deum,
481 2280 703 2356 praeclusaque
719 2279 811 2339 ianua
828 2281 879 2340 leti

102 2390 261 2438 aeternum
277 2391 399 2438 nostros
415 2380 516 2440 luctus
531 2381 670 2440 extendit
685 2380 716 2439 in
733 2383 860 2440 aevum!

143 2479 232 2538 Talia
247 2491 434 2540 maerentem
451 2480 590 2539 stellatus
605 2482 767 2540 submovet
783 2485 883 2558 Argus

104 2589 299 2657 ereptamque
315 2579 394 2655 patri
410 2579 532 2638 diversa
547 2580 578 2638 in
595 2599 710 2656 pascua
724 2591 827 2640 natam
1044 2582 1093 2646 665

102 2680 261 2739 abstrahit.
308 2680 386 2739 Inde
402 2680 507 2756 procul
523 2680 636 2740 montis
652 2681 783 2740 sublime
799 2700 944 2741 cacumen

101 2791 241 2858 occupat,
259 2781 340 2841 unde
356 2780 468 2840 sedens
484 2791 587 2858 partes
603 2781 780 2858 speculatur
795 2781 825 2840 in
842 2801 957 2842 omnes.

144 2884 211 2942 Nec
226 2900 370 2959 superum
385 2890 483 2942 rector
498 2881 578 2940 mala
593 2891 680 2941 tanta
696 2882 888 2942 Phoronidos
903 2883 981 2941 ultra

101 2983 180 3041 iene
196 2991 307 3058 potest,
324 2991 490 3058 natumque
505 2990 604 3052 vocnt,
621 3001 712 3058 quern
728 2981 830 3043 lucida
844 2994 932 3061 partu

104 3083 204 3141 Pleias
219 3083 309 3140 enixa
324 3091 380 3154 est,
397 3082 520 3157 letoque
536 3083 597 3154 det,
614 3081 753 3160 imperat,
770 3085 894 3161 Argum.

105 3183 201 3240 Parva
216 3200 301 3240 mora
317 3191 363 3241 est
378 3181 442 3240 alas
457 3181 590 3257 pedibus
606 3181 783 3263 virgamque
799 3185 914 3260 potenti
