2940 3552
104 85 136 134 42
325 77 687 128 METAMORPHOSEON
708 76 743 125 11.
780 84 881 123 rat-164.

106 249 322 329 quadrupedes
338 249 455 308 ducunt
470 248 650 322 adduntque
666 243 808 304 sonantia
823 244 919 302 trena.

105 353 185 410 Tum
201 359 288 428 pater
303 368 357 408 ora
372 348 419 409 sui
435 367 522 408 sacro
538 344 741 406 medicamine
757 343 821 402 nati

106 450 236 528 contigit
251 459 283 509 et
298 449 424 526 rapidae
440 447 513 508 iecit
528 447 678 525 patientia
692 444 832 504 flammae

105 549 313 628 imposuitque
328 567 434 609 comae
449 548 552 607 radios
568 564 779 624 praesagaque
795 544 894 602 luctus
975 547 982 557 '

107 661 229 728 pectore
245 649 378 710 sollicito
393 659 536 726 repetens
552 646 684 724 suspiria
699 645 793 704 dixit:

149 751 200 810 ‘Si
216 760 304 828 potes
319 749 368 808 his
383 748 491 808 saltem
508 747 631 807 monitis
647 765 753 823 parere
769 743 914 822 paterna,

107 870 207 928 parce,
225 869 309 927 puer,
325 848 457 908 stimulis
472 859 502 908 et
517 848 626 906 fortius
643 856 727 906 utere
744 845 824 904 loris.

108 952 224 1027 Sponte
241 968 297 1009 sua
313 958 495 1026 properant;
519 947 606 1006 labor
621 957 668 1006 est
683 945 820 1004 Inhibere
837 943 983 1002 volentes.

108 1050 174 1108 Nec
189 1048 246 1108 tibi
261 1047 395 1107 directos
410 1046 530 1124 placeat
545 1045 595 1105 via
610 1045 746 1122 quinque
762 1063 816 1122 per
833 1061 931 1101 arcus.

108 1149 217 1206 Sectus
233 1147 263 1205 in
279 1145 438 1223 obliquum
454 1157 502 1206 est
516 1147 580 1205 lato
595 1144 770 1204 curvamine
786 1145 882 1214 limes,

108 1265 315 1324 zonarumque
330 1245 421 1304 trium
437 1255 599 1305 contentus
615 1246 676 1304 tine
691 1243 857 1322 polumque

107 1346 216 1424 effugit
231 1345 396 1406 australem
412 1343 607 1423 iunctamque
623 1343 818 1422 aquilonibus
835 1345 959 1402 Arcton.

110 1445 235 1506 Haesit
251 1445 316 1505 iter.
363 1443 532 1503 Manifesta
546 1455 630 1503 rotae
645 1443 775 1522 vestigia
791 1461 907 1502 cernes.

109 1547 214 1621 thue
229 1546 329 1604 ierant
345 1563 461 1622 aequos
477 1555 508 1603 et
523 1544 642 1603 caelum
658 1554 689 1603 et
704 1554 784 1603 terra
799 1542 924 1612 calores,

108 1663 166 1704 nec
180 1662 284 1720 preme
299 1662 357 1704 nec
372 1663 523 1704 summum
539 1645 645 1705 molire
660 1628 714 1722 per
729 1644 854 1704 aethera
870 1660 999 1700 cursum.

109 1743 211 1804 Altius
226 1763 369 1823 egressus
384 1745 529 1805 caelestia
543 1754 624 1805 tecta
639 1745 798 1817 cremabis,

109 1843 237 1904 interius
251 1855 364 1918 terras;
387 1846 490 1906 medio
505 1846 676 1905 tutissimus
692 1845 758 1906 ibis.

110 1947 179 2004 Neu
194 1953 225 2005 te
241 1945 393 2005 dexterior
407 1955 520 2006 tortum
536 1946 670 2006 declinet
685 1947 725 2006 ad
742 1949 891 2024 Anguem,

109 2063 187 2104 neve
202 2045 372 2106 sinisterior
387 2067 525 2124 pressam
541 2058 608 2108 rota
622 2048 716 2106 ducat
731 2047 771 2106 ad
788 2050 879 2106 Aram
893 2071 898 2114 ;

110 2146 189 2206 inter
204 2133 366 2225 utrumque
382 2157 461 2208 tene.
508 2151 660 2208 Fortunae
676 2159 778 2208 cetera
795 2148 915 2218 mando,

110 2265 189 2322 quae
204 2246 287 2308 iuvet
303 2257 335 2308 et
350 2249 458 2309 melius
473 2269 565 2327 quam
582 2259 615 2308 tu
631 2248 686 2309 tibi
702 2249 842 2309 consulat
858 2257 939 2325 opto.

110 2347 193 2406 Dum
208 2347 326 2424 loquor,
345 2349 499 2427 Hesperio
514 2349 631 2426 positas
647 2348 678 2408 in
694 2349 781 2409 litore
798 2359 894 2408 metas

109 2447 214 2534 umida
229 2467 290 2507 nox
305 2449 413 2528 tetigit.
459 2452 488 2510 N
491 2470 531 2510 on
547 2460 594 2510 est
611 2468 693 2509 mora
710 2450 806 2510 libera
821 2448 928 2521 nobis;

108 2547 271 2624 poscimur.
316 2549 450 2628 Effulget
465 2550 601 2610 tenebris
617 2569 726 2610 aurora
740 2551 864 2629 fugatis.

109 2647 236 2725 Corripe
252 2649 317 2709 lora
332 2668 424 2709 manu
438 2686 481 2695 —
495 2650 553 2724 vei,
570 2650 596 2710 si
612 2651 759 2711 mutabile
774 2661 883 2730 pectus

108 2759 155 2810 est
170 2749 235 2823 tibi,
252 2750 398 2824 consiliis,
414 2771 477 2812 non
493 2752 633 2812 curribus
649 2762 735 2812 utere
750 2752 863 2812 nostris

108 2849 182 2909 dum
197 2860 286 2928 potes
301 2860 333 2910 et
347 2849 455 2912 solidis
470 2852 647 2912 etiamnunc
662 2853 789 2913 sedibus
805 2863 898 2924 astas,

109 2949 245 3028 dumque
259 2952 339 3010 male
354 2960 479 3029 optatos
494 2952 631 3036 nondum
647 2952 761 3030 premis
777 2951 891 3012 inscius
907 2970 989 3011 axes.

110 3051 198 3125 Quae
213 3061 298 3112 tutus
313 3062 445 3129 spectes,
461 3052 527 3111 sine
544 3072 592 3114 me
608 3053 680 3112 dare
697 3051 812 3113 lumina
827 3051 935 3112 terris!

152 3153 293 3229 Occupat
307 3153 357 3212 ille
373 3154 471 3212 levem
487 3152 620 3213 iuvenali
635 3172 762 3230 corpore
777 3172 907 3226 currum,
