2940 3552
748 104 912 152 DAPHNE.
1295 101 1326 152 27

332 285 482 351 auctaque
498 274 680 359 formaluga
691 283 746 334 est.
792 272 944 334 Sedenim
958 291 1020 332 non
1036 271 1168 332 sustinet
1184 272 1262 331 ultra
1280 285 1327 336 530

332 376 457 453 perdere
474 373 640 434 blanditias
657 373 775 434 iuvenis
790 375 876 446 deus,
893 384 988 449 utque
1004 372 1146 433 movebat

333 477 397 554 ipse
414 495 506 548 amor,
524 475 659 536 admisso
674 475 812 552 sequitur
828 473 957 552 vestigia
973 493 1075 552 passu.

333 578 376 637 Ut
391 577 477 637 canis
493 577 522 636 in
539 595 636 637 vacuo
651 576 787 654 leporem
802 595 872 636 cum
889 575 1027 636 Gallicus
1042 595 1115 635 arvo

333 679 417 750 vidit,
434 689 464 738 et
480 677 529 738 hic
545 677 691 756 praedam
707 677 839 755 pedibus
855 676 940 754 petit,
957 676 1008 736 ille
1024 676 1174 748 salutem;

333 781 409 839 alter
424 780 588 838 inhaesuro
604 778 711 838 similis
727 778 788 838 iarn
804 778 926 854 iamque
943 787 1047 836 tenere
1280 789 1327 843 535

334 891 435 957 sperat
451 889 481 940 et
497 889 621 940 extento
637 878 759 956 stringit
775 878 905 957 vestigia
921 887 1028 948 rostro,

333 980 410 1040 alter
426 981 457 1039 in
472 980 617 1058 ambiguo
632 990 680 1039 est
696 997 734 1037 an
751 979 790 1038 sit
806 997 1015 1056 comprensus,
1033 991 1063 1038 et
1079 979 1154 1055 ipsis

334 1065 485 1140 morsibus
501 1079 627 1156 eripitur
643 1079 862 1158 tangentiaque
878 1099 932 1138 ora
947 1078 1108 1155 relinquit:

333 1181 378 1240 sic
393 1182 469 1240 deus
485 1191 517 1240 et
531 1180 626 1258 virgo,
643 1190 691 1239 est
707 1180 756 1239 hic
772 1199 827 1257 spe
843 1180 931 1253 celer,
950 1180 1001 1238 illa
1016 1180 1133 1240 timore.

334 1281 395 1355 Qui
411 1291 513 1340 tamen
530 1280 710 1357 insequitur,
728 1281 839 1358 pennis
854 1280 978 1340 adiutus
995 1279 1118 1340 Amoris
1282 1292 1329 1344 540

334 1382 417 1440 ocior
432 1392 479 1442 est
494 1382 693 1465 requiemque
709 1392 801 1459 negat
816 1392 964 1459 tergoque
979 1381 1098 1458 fugacis

335 1482 472 1548 imminet
487 1492 518 1542 et
533 1482 648 1542 crinem
664 1501 803 1559 sparsum
820 1481 992 1542 cervicibus
1007 1481 1108 1541 adflat.
1162 1509 1168 1520 =

336 1582 460 1642 Viribus
475 1582 646 1659 absumptis
661 1581 809 1658 expalluit
825 1582 884 1654 illa,
902 1582 1042 1658 citaeque

334 1681 415 1742 victa
431 1681 535 1742 labore
550 1683 650 1758 fugae,
667 1692 813 1758 spectans
830 1682 982 1742 Peneidas
997 1682 1105 1754 undas,

319 1785 418 1926 (Fer,
428 1783 534 1860 pater,'
543 1782 650 1858 inquit,
662 1790 764 1860 ‘opem
777 1786 782 1842 l
809 1782 994 1854 'l'ellus,’ait,
1004 1783 1112 1855 ‘hisce
1119 1783 1167 1842 vel
1181 1783 1270 1842 istam
1282 1794 1330 1849 sts

336 1901 414 1958 quae
429 1882 504 1943 lacit
518 1893 552 1941 ut
567 1883 679 1954 laedar,
697 1883 845 1942 mutando
860 1884 954 1960 perde
970 1882 1096 1960 figuram
1111 1887 1116 1942 l
1131 1885 1136 1908 ¹
1284 1894 1327 1947 547

377 1983 437 2042 Vix
453 2002 543 2060 prece
559 1981 654 2053 finita,
671 1992 775 2059 torpor
790 1983 892 2060 gravis
907 1993 1038 2060 occupat
1054 1994 1147 2054 artus,

336 2082 439 2142 mollia
453 2083 616 2162 cinguntur
632 2082 717 2142 tenui
733 2083 913 2160 praecordia
930 2084 1015 2156 libro,

335 2183 366 2240 in
382 2183 523 2242 frondem
540 2183 651 2255 crines,
668 2182 699 2240 in
716 2177 817 2242 ramos
832 2183 977 2244 bracchia
992 2194 1143 2256 crescunt,
1283 2197 1330 2249 55Ο

337 2302 400 2358 pes,
417 2284 508 2343 modo
524 2293 586 2341 tarn
601 2283 697 2354 velox,
714 2283 808 2360 pigris
825 2283 980 2343 radleibus
996 2283 1110 2356 haeret,

336 2403 389 2443 ora
404 2402 553 2443 cacumen
569 2383 643 2442 obit.
690 2385 843 2444 Remanet
859 2384 939 2444 nitor
954 2403 1034 2444 unus
1047 2384 1077 2442 in
1093 2384 1153 2444 illa.

340 2485 430 2542 Hanc
443 2502 565 2560 quoque
579 2472 724 2543 Phoebus
737 2493 827 2556 amat,
841 2484 1004 2561 positaque
1017 2485 1047 2544 in
1058 2484 1162 2561 stipite
1172 2485 1280 2544 dextra

337 2584 429 2644 sentit
445 2584 546 2643 adhuc
561 2583 716 2659 trepidare
732 2603 813 2644 novo
829 2584 885 2644 sub
901 2584 1015 2644 cortice
1031 2595 1147 2662 pectus,

335 2684 574 2762 complexusque
591 2685 654 2744 suis
670 2702 780 2756 ramos,
797 2695 831 2745 ut
846 2684 990 2758 membra,
1007 2685 1128 2746 lacertis
1284 2697 1329 2751 555

336 2785 442 2844 oscula
457 2786 511 2845 dat
526 2784 627 2864 ligno;
651 2785 763 2864 refugit
778 2795 882 2846 tamen
898 2785 1004 2845 oscula
1020 2785 1144 2864 lignum.

379 2887 437 2948 Cui
447 2886 534 2960 deus,
550 2889 609 2946 ‘At
619 2885 764 2962 quoniam
775 2886 910 2946 coniunx
922 2905 990 2945 mea
1001 2905 1062 2946 non
1075 2895 1165 2964 potes'
1180 2907 1257 2959 esse,

337 2987 427 3046 arbor
442 2987 502 3048 eris
518 2987 619 3060 certe,’
636 2986 721 3059 dixit,
740 2993 831 3046 ‘mea
879 2989 1005 3065 Semper
1020 2987 1179 3047 habebunt

335 3099 365 3149 te
381 3108 478 3162 coma,
495 3098 525 3148 te
541 3088 687 3162 citharae,
702 3098 733 3149 te
749 3098 882 3160 nostrae,
900 3088 993 3160 laute,
1009 3089 1179 3165 pharetrae.

337 3191 386 3249 Tu
400 3190 531 3252 ducibus
548 3189 644 3248 Latiis
660 3189 761 3248 aderis
777 3207 845 3247 cum
862 3189 942 3247 laeta
957 3187 1143 3264 triumphum
1283 3185 1330 3251 560

780 3311 816 3370 ζ’·
846 3307 897 3366 )§r
926 3305 956 3334 ἰ
993 3317 1073 3340 ww„
1108 3309 1204 3341 ΜΡΝ
1248 3279 1405 3358 ’ΝἸᾋΥΛᾸΙ

752 3388 755 3392 .
1151 3380 1159 3396 t

335 3314 397 3402 lq„
499 3320 523 3346 ’

364 3443 577 3488 nelma-am
628 3420 736 3499 lis*
801 3427 812 3444 '³
887 3418 906 3434 ‘l
950 3429 952 3436 Α
998 3419 1035 3498 ',¹'
1082 3421 1085 3428 ¹
1184 3429 1189 3454 l

377 3491 381 3506 l
