2940 3552
81 99 111 148 52
297 95 662 144 METAMORPHOSEON
683 94 718 142 11.
754 105 856 142 405-508,

81 264 236 344 perspicit.
281 263 434 325 Arcadiae
449 274 552 324 tamen
569 273 616 324 est
630 263 797 340 impensior
812 262 854 321 illi
1025 274 1072 326 405

81 385 153 425 cura
168 383 250 425 suae.
298 367 411 425 Fontes
427 375 458 424 et
473 365 610 423 nondum
627 364 772 423 audentia
787 363 848 422 labi

81 466 207 525 flumina
223 465 364 536 restituit,
382 464 434 524 dat
449 475 548 523 terrae
563 464 710 540 gramina,
726 465 851 523 frondes

82 566 250 636 arboribus,
268 566 429 642 laesasque
446 565 530 624 iubet
545 564 728 624 reuirescere
744 565 844 623 silvas.

122 834 252 904 (Jupiter
271 833 357 886 loved
372 832 418 884 the
435 831 542 901 nymph
560 832 688 895 Callisto,
703 831 797 885 whom
814 830 848 884 lte
860 849 923 884 saw
936 833 967 884 in
982 832 1009 884 Α
1014 848 1072 883 rca-

82 926 141 977 dia.
178 926 260 990 suno
273 925 381 976 became
394 940 487 994 angry
498 923 562 976 and
571 923 751 976 ‹letermined
757 931 785 976 ta
799 924 910 991 destroy
924 925 947 976 C
945 923 1044 976 allrsto
1052 924 1073 974 ’s

82 1019 206 1086 beauty.)

127 1157 212 1220 Dixit
227 1168 259 1217 et
274 1159 403 1218 adversa
417 1157 538 1234 prensis
554 1176 571 1215 a
586 1159 688 1218 fronte
704 1158 822 1234 capillis

84 1258 192 1318 stravit
207 1257 291 1316 humi
306 1275 443 1334 pronam.
488 1257 652 1317 Tendebat
666 1257 811 1318 bracchia
827 1259 972 1336 supplex:

84 1357 228 1418 bracchia
243 1367 411 1434 coeperunt
427 1357 521 1434 nigris
537 1358 714 1417 horrescere
729 1357 817 1429 villis,

85 1457 265 1535 curvarique
281 1477 389 1517 manus
405 1467 436 1517 et
452 1459 589 1517 aduncos
605 1477 742 1518 crescere
758 1458 788 1516 in
805 1479 921 1536 ungues

84 1560 247 1635 officioque
264 1559 376 1635 pedum
393 1558 489 1636 fungi,
507 1560 692 1635 laudataque
708 1560 862 1636 quondam

85 1679 137 1717 ora
155 1659 221 1718 lovi
237 1659 299 1718 lato
315 1658 379 1718 fieri
396 1659 546 1718 deformia
562 1659 646 1719 rictu.

88 1762 172 1819 Neve
188 1777 296 1837 preces
312 1759 431 1818 animos
447 1770 477 1818 et
493 1760 586 1818 verba
602 1759 759 1836 precantia
774 1761 907 1832 flectant,

86 1878 177 1936 posse
193 1859 277 1936 loqui
293 1859 429 1935 eripitur,
446 1879 505 1918 vox
521 1859 667 1919 iracunda
684 1861 846 1936 minaxque

86 1961 237 2034 plenaque
253 1959 376 2018 terroris
392 1977 484 2018 rauco
500 1960 539 2019 de
553 1970 676 2037 gutture
692 1961 794 2020 fertur.

88 2061 178 2119 Mens
194 2060 321 2134 antiqua
337 2069 437 2118 tamen
454 2061 536 2118 lacta
551 2079 673 2137 quoque
689 2061 801 2121 mansit
818 2061 847 2120 in
865 2082 942 2131 ursa,

86 2159 277 2235 adsiduoque
293 2178 366 2218 suos
381 2161 495 2237 gemitu
511 2169 622 2220 testata
639 2160 760 2221 dolores

87 2259 325 2334 qualescumque
342 2277 452 2318 manus
467 2260 507 2318 ad
522 2261 640 2319 caelum
656 2270 688 2319 et
703 2261 804 2320 sidera
819 2261 897 2320 tollit

87 2359 300 2436 ingratumque
317 2361 432 2432 Iovem,
449 2370 582 2437 nequeat
596 2380 664 2420 cum
682 2361 793 2434 dicere,
810 2362 910 2421 sentit.

88 2460 135 2517 nh
152 2459 304 2536 quotiens,
321 2461 388 2519 sola
403 2479 464 2519 non
481 2479 556 2520 ausa
571 2460 730 2537 quiescere
746 2461 831 2534 silva,

86 2570 158 2619 ante
173 2561 297 2618 domurn
313 2560 533 2637 quondamque
548 2560 612 2620 suis
628 2561 738 2621 erravit
755 2562 783 2620 in
801 2562 897 2639 agris!

88 2661 135 2718 Ah
152 2660 295 2736 quotiens
310 2679 365 2737 per
379 2679 454 2719 saxa
470 2679 580 2721 canum
596 2661 756 2721 latratibus
773 2672 841 2722 acta
856 2673 902 2721 est

87 2760 286 2838 venatrixque
302 2772 385 2820 metu
400 2772 565 2820 venantum
582 2761 685 2822 territa
700 2762 797 2840 tugitt

15 2849 17 2875 ⁸
89 2862 187 2938 Saepe
202 2861 276 2921 teris
291 2860 380 2921 latuit
396 2859 479 2935 visis,
495 2861 591 2921 oblita
606 2862 682 2939 quid
697 2872 787 2936 esset,

88 2981 219 3039 ursaque
235 2972 419 3039 conspectos
435 2960 466 3020 in
482 2963 638 3023 montibus
654 2963 770 3023 horruit
787 2981 882 3033 ursoS,

89 3061 303 3139 pertimuitque
319 3061 417 3139 lupos,
435 3062 574 3138 quamvis
590 3073 677 3139 pater
691 3074 773 3122 esset
790 3063 819 3121 in
838 3065 904 3121 illis.
980 3070 982 3074 ’
1029 3076 1077 3128 495

132 3164 220 3233 Ecce,
239 3161 411 3240 Lycaoniae
427 3161 537 3237 proles,
556 3163 659 3238 ignara
675 3164 819 3239 parentis,
