2940 3552
694 133 912 189 PHAETIION.
1268 132 1301 184 47

306 307 500 386 occuluitque
515 317 616 384 caput,
633 305 717 384 quod
733 305 835 365 adhuc
850 303 933 364 latet.
979 301 1069 364 Ostia
1084 312 1203 380 septem
1252 314 1300 369 ²55

307 407 517 486 pulverulenta
531 417 651 480 vacant,
668 416 786 484 septem
802 404 870 465 sine
885 403 1012 464 flumine
1027 403 1132 464 valles.

308 511 383 569 Fors
398 509 505 569 eadem
522 505 676 580 Ismarios,
696 507 837 566 Hebrum
854 523 923 564 cum
940 505 1112 583 Strymone,
1127 502 1224 564 siccat

309 608 539 686 Hesperiosque
555 625 670 681 amnes,
685 607 828 668 Rhenum
844 605 1094 682 Rhodanumque
1109 605 1298 681 Padumque,

269 770 282 794 ·.
306 709 416 786 cuique
431 709 489 769 tuit
505 727 605 768 rerum
621 707 773 786 promissa
788 691 936 785 potentia,
954 705 1104 784 Thybrin.

284 798 290 810 ⁸
348 809 468 869 Dissilit
483 827 573 868 omne
590 809 698 880 solum,
715 817 919 885 penetratque
934 805 966 864 in
983 807 1113 865 Tartara
1128 804 1214 864 rimis
1253 803 1301 854 ²60

305 911 407 968 lumen
422 919 454 968 et
469 908 620 969 internum
637 917 730 968 terret
745 925 815 967 cum
831 906 963 985 coniuge
978 923 1091 984 regem.

308 1011 344 1068 Et
359 1027 442 1069 mare
457 1008 655 1081 contrahitur,
672 1007 837 1085 siccaeque
853 1017 902 1066 est
917 1024 1046 1083 campus
1062 1007 1195 1065 harenae

305 1108 388 1185 quod
404 1107 496 1168 modo
511 1118 626 1185 pontus
640 1117 723 1180 erat;
747 1125 887 1185 quosque
903 1106 997 1166 altum
1013 1115 1131 1165 texerat
1147 1123 1270 1183 aequor,

273 1192 277 1199 ¹
305 1207 456 1267 exsistunt
471 1218 593 1267 montes
608 1217 640 1267 et
655 1225 780 1285 sparsas
797 1207 952 1285 Cycladas
967 1215 1089 1283 augent.

307 1309 372 1365 lma
386 1316 496 1385 petunt
511 1307 621 1385 pisces,
639 1325 697 1368 nec
712 1326 747 1368 se
762 1325 855 1384 super
871 1325 1007 1384 aequora
1021 1305 1106 1366 curvi
1252 1304 1300 1373 2⁶5

304 1407 411 1468 tollere
426 1418 590 1469 consuetas
606 1409 724 1468 audent
738 1407 902 1485 delphines
918 1406 950 1465 in
966 1424 1065 1466 auras.

304 1510 442 1586 Corpora
457 1508 623 1586 phocarum
641 1527 761 1568 summo
775 1506 922 1585 resupina
937 1506 1091 1584 profundo

304 1607 478 1667 exanimata
492 1618 610 1668 natant.
655 1611 761 1685 Ipsum
778 1626 902 1685 quoque
918 1609 1020 1668 Nerea
1035 1607 1119 1667 lama
1133 1617 1181 1667 est

306 1707 484 1785 Doridaque
500 1718 531 1768 et
547 1718 637 1768 natas
653 1707 766 1786 tepidis
782 1707 909 1768 latuisse
925 1708 982 1767 sub
999 1707 1103 1768 antris.

305 1809 365 1869 Ter
381 1811 548 1886 Neptunus
563 1808 651 1886 aquis
667 1827 736 1869 cum
752 1818 840 1869 torvo
854 1807 999 1869 bracchia
1015 1809 1101 1870 vultu
1251 1821 1299 1871 ²70

303 1927 444 1970 exserere
460 1928 553 1969 ausus
569 1920 642 1983 erat,
659 1919 705 1970 ter
721 1921 783 1969 non
799 1909 869 1969 tulit
883 1909 964 1970 airis
980 1910 1076 1988 ignes.

305 2012 395 2070 Alma
410 2021 512 2071 tamen
529 2012 645 2084 Tellus,
663 2021 696 2071 ut
711 2021 777 2071 erat
792 2010 984 2071 circumdata
998 2021 1102 2088 ponto,

303 2111 383 2171 inter
398 2130 495 2189 aquas
510 2111 612 2190 pelagi
627 2122 865 2190 contractosque
882 2112 1018 2189 undique
1033 2113 1146 2183 fontes,

304 2213 356 2288 qui
373 2231 405 2273 se
421 2202 623 2272 condiderant
639 2211 669 2271 in
685 2231 803 2290 opacae
818 2213 938 2272 viscera
954 2211 1067 2285 matris,

303 2311 426 2372 sustulit
442 2330 607 2389 oppressos
623 2313 704 2372 collo
720 2323 812 2373 tenus
827 2312 913 2372 arida
928 2313 1049 2372 vultus·
1251 2327 1298 2380 ²75

304 2412 509 2490 opposuitque
525 2431 648 2473 manum
665 2414 759 2473 tronti
775 2431 949 2492 magnoque
964 2423 1096 2474 tremore

303 2513 406 2572 omnia
422 2513 603 2573 concutiens
619 2515 743 2592 paulum
759 2514 900 2575 subsedit
915 2523 945 2575 et
961 2515 1040 2574 infra

280 2623 286 2634 ·
304 2632 394 2690 quarn
411 2615 489 2674 solet
505 2632 582 2688 esse,
598 2615 656 2674 luit
671 2633 824 2692 raucaque
841 2616 884 2674 ita
897 2633 974 2674 voce
990 2615 1093 2676 locuta
1107 2623 1172 2676 est:

347 2714 395 2774 ‘Si
412 2714 513 2791 placet
529 2716 597 2787 hoc,
616 2715 781 2792 meruique,
799 2715 873 2792 quid
889 2736 908 2776 o
924 2725 977 2775 tua
992 2715 1121 2775 fulmina
1136 2727 1268 2788 cessant,

303 2834 420 2876 summe
436 2816 548 2876 deum?
594 2816 700 2876 Liceat
713 2815 867 2893 periturae
882 2815 998 2876 viribus
1013 2816 1094 2893 ignis
1250 2815 1298 2866 ²80

302 2915 373 2993 igne
387 2915 487 2992 perire
502 2927 555 2976 tuo
571 2917 754 2993 clademque
769 2925 893 2976 auctore
909 2916 1018 2976 levare.

302 3015 362 3075 Vix
377 3015 520 3094 equidem
535 3016 642 3077 lauces
658 3017 735 3076 haec
750 3015 819 3093 ipsa
834 3016 865 3075 in
881 3017 976 3076 verba
990 3015 1120 3076 resolvo'
1130 3053 1169 3062 —

303 3126 455 3192 presserat
471 3135 525 3177 ora
539 3136 635 3194 vapor
650 3151 690 3162 --
706 3124 822 3176 ‘tostos
838 3135 876 3176 en
893 3116 998 3192 aspice
1013 3115 1123 3186 crines,

302 3216 395 3294 inque
410 3217 508 3276 oculis
524 3227 650 3287 tantum,
668 3225 786 3274 tantum
802 3233 896 3290 super
911 3233 964 3273 ora
978 3213 1109 3272 favillae.
