2940 3552
100 102 130 153 18
326 101 691 184 METAMOerHOSEON
711 101 730 152 Ι.
766 113 871 154 ars-³³4.

98 272 257 333 caeruleus
271 273 366 333 irater
382 271 468 332 iuvat
483 272 682 333 auxiliaribus
697 273 797 333 undis.
1047 285 1093 342 275

99 374 259 434 Convocat
273 371 324 433 hic
339 391 455 435 amnes.
500 373 562 449 Qui
577 383 740 451 postquam
757 384 839 434 tecta
854 375 975 454 tyranni

98 474 249 535 intravere
264 473 322 548 sui,
341 476 430 535 ‘Non
446 484 494 536 est
509 475 681 535 hortamine
696 474 788 554 longo

99 576 199 649 nnnc‚'
215 574 267 648 ait,
286 575 462 636 ‘utendum
507 575 598 636 Vires
612 575 762 636 effundite
778 588 904 650 vestras,

98 675 143 735 sic
158 693 237 754 opus
252 685 309 737 est.
353 675 480 754 Aperite
497 675 613 749 domos,
630 694 667 737 ac
682 677 762 738 mole
778 687 895 738 remota

98 776 275 837 fluminibus
290 776 401 838 vestris
417 787 497 838 totas
513 775 666 838 immittite
682 777 840 838 habenas'
1044 777 1091 828 ²80

100 879 244 938 Iusserat.
289 876 334 936 Hi
349 878 487 952 redeunt,
504 896 540 937 ac
554 879 694 939 fontibus
707 898 762 939 ora
777 879 923 952 relaxant,

98 987 129 1038 et
143 977 305 1039 defrenato
320 979 484 1038 volvuntur
499 978 528 1037 in
546 997 680 1057 aequora
694 998 793 1040 cursu.

98 1080 172 1155 Ipse
186 1077 319 1140 tridente
334 1096 391 1139 suo
407 1089 517 1140 terram
534 1079 694 1158 percussit.
738 1083 780 1140 At
794 1080 847 1139 illa

98 1177 254 1239 intremuit
269 1187 415 1255 motuque
431 1179 500 1238 vias
513 1179 659 1257 patefecit
674 1198 830 1258 aquarum.

100 1279 277 1356 Exspatiata
292 1289 384 1340 ruunt
398 1297 453 1357 per
468 1289 591 1358 apertos
607 1279 732 1339 flumina
747 1299 882 1358 campos,
1045 1282 1090 1348 ²85

97 1398 229 1470 comque
243 1363 319 1468 gat}
335 1380 461 1440 arbusta
476 1378 565 1439 simul
582 1365 779 1457 pecudesque
795 1379 938 1458 virosque

96 1490 239 1557 tectaque
254 1498 386 1558 cumque
401 1480 465 1540 suis
480 1481 603 1558 rapiunt
618 1480 787 1557 penetralia
803 1482 906 1540 sacris.

99 1579 194 1657 Siqua
208 1580 318 1641 domus
335 1580 447 1640 mansit
462 1580 622 1658 potuitque
638 1578 780 1642 resistere
795 1591 882 1640 tanto

98 1679 251 1740 indeiecta
265 1681 355 1753 ma10,
371 1680 491 1741 culmen
507 1690 610 1741 tamen
626 1679 716 1740 altior
731 1680 821 1740 huius

98 1779 182 1838 unda
195 1779 280 1858 tegit,
295 1799 483 1859 pressaeque
499 1780 596 1841 latent
612 1781 669 1842 sub
684 1779 803 1859 gurgite
819 1790 927 1841 turres.
1045 1797 1090 1845 ²90

141 1882 268 1959 lamque
284 1898 367 1941 mare
383 1890 415 1942 et
429 1880 520 1941 tellus
537 1880 653 1941 nullum
670 1880 836 1941 discrimen
853 1881 1028 1943 habebant:

97 1980 201 2039 omnia
215 1988 329 2057 pontus
344 1989 449 2054 erant;
472 1981 599 2041 deerant
615 1998 738 2058 quoque
753 1980 841 2039 litora
856 1990 960 2057 ponto.

98 2079 239 2156 Occupat
253 2079 303 2139 hic
318 2080 437 2154 collem,
454 2081 565 2141 cumba
581 2080 668 2140 sedet
684 2080 761 2141 alter
776 2081 896 2141 adunca

97 2188 127 2238 et
143 2178 228 2239 ducit
243 2197 343 2240 remos
359 2179 420 2240 illic
436 2180 489 2240 ubi
505 2199 602 2258 nuper
617 2191 726 2242 ararat.

98 2278 154 2337 Ille
170 2297 263 2357 supra
277 2289 399 2358 segetes
415 2290 468 2342 aut
483 2299 600 2342 mersae
616 2280 750 2347 culmina
764 2281 855 2341 villae
1043 2297 1091 2349 295

97 2378 229 2458 navigat,
245 2378 294 2440 hic
310 2398 428 2441 summa
443 2379 560 2460 piscem
575 2366 739 2458 deprendit
752 2381 784 2440 in
800 2381 891 2440 ulmo.

98 2478 213 2557 Figitur
228 2479 257 2538 in
274 2479 372 2553 viridi,
389 2480 417 2540 si
431 2482 495 2541 fors
510 2480 588 2552 tulit,
605 2498 719 2541 ancora
730 2491 826 2558 prato,

96 2589 149 2640 aut
164 2579 302 2641 subiecta
316 2589 420 2640 terunt
435 2599 546 2642 curvae
561 2581 665 2642 vineta
679 2582 810 2643 carinae.

97 2682 143 2754 Et,
160 2680 252 2742 modo
267 2700 328 2759 qua
341 2680 472 2760 graciles
487 2700 613 2761 gramen
629 2700 772 2761 carpsere
787 2682 932 2760 capellae,

96 2800 178 2842 nunc
192 2781 234 2843 ibi
250 2781 405 2843 deformes
420 2792 539 2861 ponunt
554 2801 610 2842 sna
625 2801 754 2862 corpora
769 2783 895 2861 phocae.
1041 2795 1091 2848 300

97 2882 250 2944 Mirantur
264 2882 322 2943 sub
338 2901 419 2961 aqua
434 2883 522 2945 lucos
536 2883 691 2962 urbesque
706 2885 877 2962 domosque

96 2984 126 3042 N
128 2983 264 3057 ereides3
288 2983 443 3061 silvasque
457 2994 566 3045 tenent
579 2984 751 3063 delphines,
767 2995 799 3046 et
814 2985 883 3045 altis

95 3081 254 3144 incursant
269 3084 362 3144 ramis
377 3083 555 3163 agitataque
570 3085 682 3147 robora
696 3085 829 3165 pulsant.

98 3184 161 3242 Nat
175 3182 265 3261 lupus
280 3183 358 3245 inter
373 3203 456 3258 oves,
472 3185 574 3245 fulvos
589 3185 673 3246 vehit
683 3185 772 3244 ‘unda
787 3185 901 3255 leones,
