2940 3552
79 129 112 178 40
305 125 668 174 METAMORl’HOSEON
689 124 724 173 11.
760 134 847 172 tlt-lun.

81 297 148 355 Nec
162 293 219 354 tibi
235 293 452 372 quadrupedes
469 293 626 352 animosos
642 292 765 371 ignibus
782 293 840 351 illis

81 413 158 473 quos
174 394 205 453 in
221 404 345 470 pectore
360 395 485 466 habent,
502 412 580 480 quos
596 411 648 452 ore
664 403 694 452 et
709 393 835 452 naribus
850 395 963 464 efflant,
1042 392 1074 456 ⁸⁵

81 495 111 553 in
128 503 271 571 promptu
287 511 390 571 regere
406 503 462 554 est.
507 493 567 552 Vix
584 511 631 553 me
646 493 803 570 patiuntur
818 494 870 552 ubi
886 510 971 551 acres

81 595 235 655 incaluere
250 593 345 654 animi
360 594 525 672 cervixque
540 583 690 670 rep‘ugnat
705 593 844 654 habenis.

81 698 124 755 At
138 705 180 768 tu,
197 693 313 754 funesti
328 713 367 754 ne
382 694 440 754 sirn
455 694 512 754 tibi
528 693 662 754 muneris
677 704 791 766 auctor,

84 804 163 866 nate,
180 812 264 867 cave,
280 794 353 853 dum
370 812 481 871 resque
496 793 578 865 sinit,
596 803 650 853 tua
664 794 781 870 corrige
795 804 875 852 vota.

83 893 208 954 Scilicet
224 902 257 953 ut
272 903 378 953 nostro
392 893 530 970 genitum
546 903 576 952 te
592 893 743 970 sanguine
759 894 875 964 credas,
1043 903 1076 952 90

83 993 210 1070 pignera
225 1001 310 1052 certa
324 992 421 1069 petis?
467 994 516 1051 Do
531 991 659 1068 pignera
674 1002 757 1051 certa
773 990 918 1062 timendo,

82 1102 113 1151 et
129 1091 229 1169 patrio
245 1099 332 1168 pater
347 1109 415 1151 esse
432 1101 515 1151 metu
531 1091 651 1169 probor.
697 1091 812 1169 Aspice
826 1091 927 1150 vultus

83 1209 156 1251 ecce
171 1208 265 1250 meos.
310 1189 500 1267 Utinamque
516 1190 623 1250 oculos
639 1190 670 1249 in
685 1199 810 1268 pectora
826 1208 934 1268 posses

84 1290 218 1350 inserere
232 1298 264 1350 et
279 1288 394 1366 patrias
408 1288 491 1349 intus
508 1289 700 1366 deprendere
715 1309 804 1350 curas
816 1295 821 1349 l

86 1389 228 1467 Denique
244 1386 391 1467 quicquid
406 1389 500 1449 habet
515 1388 610 1460 dives,
628 1388 838 1466 circumspice,
856 1389 999 1460 mundus,
1044 1401 1076 1452 95

84 1508 164 1567 eque
179 1498 224 1550 tot
240 1507 276 1549 ac
291 1488 386 1548 tantis
402 1487 479 1548 caeli
495 1498 655 1565 terraeque
671 1489 824 1566 marisque

85 1608 179 1667 posce
194 1589 285 1650 bonis
301 1588 427 1666 aliquid.
474 1590 598 1648 Nullam
614 1589 730 1666 patiere
745 1591 908 1666 repulsam.

87 1693 244 1768 Deprecor
259 1691 318 1750 hoc
333 1709 437 1763 unum,
454 1691 538 1767 quod
553 1710 624 1751 vero
641 1691 764 1751 nomine
780 1711 889 1768 poena,

87 1811 148 1850 non
164 1792 263 1851 honor
277 1800 333 1852 est.
380 1793 523 1864 Poenam,
541 1793 711 1866 Pha'e'thon,
728 1812 783 1870 pro
799 1811 923 1852 munere
939 1793 1051 1869 poscis.

87 1891 171 1966 Quid
186 1909 255 1951 mea
270 1890 349 1951 colla
364 1902 452 1952 tenes
467 1893 599 1964 blandis,
617 1892 730 1970 ignare,
747 1893 889 1953 lacertis?
1033 1905 1078 1940 ¹00

88 1995 136 2052 Ne
151 1991 268 2064 dubita,
285 1992 456 2052 dabitur-
469 1993 591 2072 Stygias
606 1993 773 2054 iuravimus
788 1995 888 2053 undas
900 2029 940 2038 -

87 2093 304 2171 quodcumque
319 2093 451 2170 optaris;
475 2094 531 2153 sed
546 2105 579 2153 tu
594 2095 765 2171 sapientius
780 2097 872 2172 opta.'

130 2193 265 2253 Finierat
281 2193 424 2253 monitus.
471 2193 570 2256 Dictis
587 2206 689 2255 tamen
706 2195 756 2256 ille
772 2207 929 2273 repugnat,

89 2293 341 2371 propositumque
357 2294 468 2372 premit
484 2295 651 2372 flagratque
667 2295 813 2373 cupidine
828 2313 942 2355 currus.

90 2396 169 2471 Ergo
185 2413 247 2471 qua
261 2392 348 2454 licuit
361 2395 483 2472 genitor
498 2405 660 2455 cunctatus
676 2396 716 2455 ad
731 2396 808 2456 altos
1034 2408 1080 2460 ¹05

88 2494 215 2554 deducit
230 2493 380 2566 iuvenem,
398 2495 549 2555 Volcania
565 2513 699 2569 munera,
716 2516 830 2557 currus.

90 2598 209 2655 Aureus
225 2593 379 2668 arriserat,
397 2604 479 2656 temo
494 2613 613 2668 aureus,
631 2614 722 2657 aurea
738 2615 874 2656 summae

89 2705 251 2755 curvatura
265 2705 359 2768 rotae,
374 2696 529 2756 radiorum
545 2707 708 2775 argenteus
723 2698 807 2758 ordo.

91 2799 148 2855 Per
163 2796 235 2874 iuga
250 2795 428 2875 chrysolithi
443 2796 624 2874 positaeque
640 2816 677 2858 ex
692 2797 799 2857 ordine
814 2816 952 2874 gemmae

89 2897 171 2955 clara
186 2914 367 2973 repercusso
382 2896 554 2957 reddebant
569 2897 684 2956 lumina
702 2897 835 2957 Phoebo.
1036 2909 1081 2944 ¹¹0

134 2998 277 3073 Dumque
292 3015 330 3056 ea
345 2995 558 3075 magnanimus
575 2997 734 3058 Phaethon
750 2995 875 3056 miratur
890 3014 1029 3072 opusque

91 3094 245 3172 perspicit,
261 3113 334 3156 ecce
348 3095 421 3174 vigil
435 3096 526 3156 rutilo
542 3097 688 3174 patefecit
704 3097 743 3156 ab
758 3107 826 3156 ortu

92 3213 261 3272 purpureas
277 3197 396 3255 Aurora
409 3195 492 3256 iores
508 3205 539 3256 et
554 3195 646 3274 plena
662 3215 799 3256 rosarum
