2940 3552
85 98 115 143 tt
301 98 664 146 METAMQRPHOSEON
685 97 721 145 ΙΙ.
758 108 859 146 tes-224.

85 267 130 325 sic
145 285 237 326 onere
253 266 384 326 adsueto
399 284 515 325 vacuus
530 267 583 326 dat
599 267 631 325 in
646 271 717 326 aera
733 266 829 325 saltus

85 366 313 443 succutiturque
329 367 390 425 alte
407 365 576 443 similisque
592 377 639 426 est
653 385 760 426 currus
776 367 867 427 inani.

86 469 177 542 Quod
193 467 320 527 simulac
336 486 469 539 sensere,
487 479 579 527 ruunt
594 468 759 544 tritumque
775 469 952 544 relinquunt

85 567 257 646 quadriiugi
272 567 415 645 spatium,
434 587 499 640 nec,
517 588 578 645 quo
593 568 685 645 prius,
701 568 808 628 ordine
824 580 956 628 currunt.

88 671 158 745 lpse
174 677 273 746 pavet.
319 670 385 728 Nec
401 687 462 745 qua
477 668 658 728 commissas
674 669 777 728 flectat
793 669 939 738 habenas,

87 789 143 828 nec
159 769 217 828 scit
232 788 292 846 qua
307 768 346 827 sit
363 769 436 841 iter3
460 787 526 839 nec,
543 769 569 827 si
585 769 670 840 sciat,
688 768 816 845 imperet
832 769 900 828 illis.

87 871 114 926 Τ
115 889 166 927 um
181 869 311 945 primum
327 868 420 927 radiis
435 868 526 945 gelidi
543 869 664 929 caluere
679 868 809 927 Triones

87 980 117 1028 et
132 968 225 1027 vetito
240 969 353 1027 frustra
367 977 554 1043 temptarunt
570 987 702 1045 aequore
717 968 803 1045 tingi.

88 1068 238 1145 Quaeque
253 1067 325 1144 polo
340 1067 441 1144 posita
455 1077 502 1126 est
517 1068 638 1145 glaciali
654 1067 792 1145 proxima
809 1069 950 1144 Serpens,

86 1168 198 1244 frigore
213 1166 300 1244 pigra
314 1166 398 1243 prius
413 1184 471 1226 nec
482 1167 688 1246 ¹formidabilis
704 1167 765 1238 ulli,

87 1265 213 1326 incaluit
227 1265 419 1343 sumpsitque
435 1285 530 1324 novas
546 1266 719 1326 fervoribus
734 1266 803 1325 iras.

86 1369 131 1426 Te
147 1385 269 1444 quoque
284 1366 438 1425 turbatum
455 1375 625 1424 memorant
640 1366 763 1444 fugisse,
782 1368 887 1438 Boote,

87 1465 226 1542 quamvis
242 1465 347 1524 tardus
362 1483 430 1523 eras
445 1475 475 1522 et
491 1474 520 1523 te
536 1474 589 1523 tua
604 1465 741 1542 plaustra
756 1467 912 1525 tenebant.

129 1567 172 1625 Ut
186 1565 263 1624 vero'
274 1583 392 1623 summo
407 1563 547 1641 despexit
564 1565 603 1637 ab
619 1566 742 1625 aethere
758 1575 854 1626 terras

87 1665 192 1724 infelix
209 1664 368 1724 Phaethon
384 1663 506 1741 penitus
522 1664 706 1742 penitusque
722 1665 867 1737 iacenteS,

87 1765 203 1842 palluit,
219 1775 250 1824 et
264 1764 367 1824 subito
381 1783 482 1841 genua
498 1764 682 1826 intremuere
697 1766 815 1840 timore,

87 1877 219 1943 suntque
234 1865 331 1926 oculis
346 1866 492 1925 tenebrae
507 1885 562 1944 per
576 1876 696 1927 tantum
711 1867 812 1927 lumen
829 1869 963 1928 obortae.

90 1969 126 2025 Et
141 1966 201 2025 iam
217 1966 321 2025 mallet
334 1985 431 2042 equos
447 1985 614 2045 numquam
629 1967 768 2046 tetigisse
783 1979 936 2046 paternos,

87 2067 146 2124 iam
162 2084 313 2143 cognosse
328 2084 426 2142 genus
443 2065 526 2144 piget
541 2078 572 2127 et
587 2067 721 2128 valuisse
736 2070 881 2146 rogando,

86 2167 147 2225 iam
164 2166 301 2244 Meropis
317 2165 377 2226 dici
393 2165 523 2244 cupiens
538 2167 579 2227 ita
595 2168 699 2243 iertur,
716 2178 750 2228 ut
764 2179 833 2228 acta

87 2267 246 2346 praecipiti
261 2267 352 2345 pinus
368 2268 471 2342 borea,
488 2269 537 2328 cui
553 2270 634 2329 victa
649 2269 765 2330 remisit

86 2370 173 2427 trena
188 2387 261 2428 suus
277 2379 384 2441 rector,
402 2388 494 2447 quam
509 2369 558 2429 dis
572 2370 713 2446 votisque
729 2371 859 2448 reliquit.

87 2469 170 2543 Quid
184 2468 300 2529 iaciat?
345 2469 475 2528 Multum
492 2468 570 2528 caeli
586 2480 658 2547 post
672 2479 758 2548 terga
773 2472 920 2544 relictum,

87 2580 157 2629 ante
173 2571 278 2630 oculos
294 2572 363 2647 plus
378 2579 433 2630 est.
478 2570 592 2630 Animo
607 2571 730 2632 metitur
745 2581 915 2649 utrumque.

89 2673 125 2730 Et
140 2671 241 2745 modo,
258 2689 337 2749 quos
351 2670 394 2730 illi
410 2671 705 2749 iatum-contingere
720 2692 782 2732 non
798 2684 853 2745 est,

86 2772 234 2850 prospicit
248 2790 387 2844 occasus,
403 2771 557 2832 interdum
572 2773 698 2850 respicit
713 2784 807 2834 ortus.

87 2873 231 2951 Quidque
248 2883 326 2950 agat,
342 2873 468 2952 ignarus
483 2883 587 2950 stupet
603 2883 633 2934 et
649 2893 706 2935 nec
720 2874 808 2934 irena
823 2876 957 2947 remittit,

87 2992 145 3033 nec
160 2973 291 3033 retinere
305 2974 394 3044 valet,
412 2991 470 3032 nec
486 2973 611 3032 nomina
626 2974 711 3035 novit
726 2993 881 3051 equorum.

89 3074 201 3150 Sparsa
217 3092 338 3150 quoque
355 3073 384 3130 in
401 3073 485 3133 vario
501 3074 616 3149 passim
631 3074 778 3133 miracula
794 3075 879 3133 caelo

88 3183 303 3250 vastarumque
318 3173 401 3231 videt
416 3171 554 3249 trepidus
570 3172 732 3232 simulacra
747 3174 888 3234 ferarum.
