2940 3552
84 127 100 178 8
324 92 687 176 murnmouprroseon
714 126 733 174 1.
768 135 845 176 aaa.

85 306 115 356 et
131 292 279 372 liquidum
282 293 399 386 spitum
414 295 545 355 secrevit
561 295 600 354 ab
616 299 685 356 aere
701 294 828 355 caelum.

86 395 174 470 Quae
190 403 355 473 postquam
372 393 485 454 evolvit
500 377 784 473 caecoque‘e‘xemit
799 413 916 467 acervo,

85 494 253 556 dissociata
268 493 346 555 locis
362 495 507 556 concordi
522 514 598 572 pace
613 495 727 574 ligavit.

88 599 184 676 Ignea
198 594 328 657 convexi
343 595 390 655 vis
406 605 438 655 et
452 595 519 655 sine
534 596 671 674 pondere
687 597 764 658 caeli

86 695 406 790 emicuithnraque
422 695 521 756 locum
538 696 596 756 sibi
612 697 685 758 iecit
695 716 833 792 imapum

87 796 244 875 proximus
259 807 307 857 est
321 801 374 868 air
388 795 432 856 illi
447 796 571 857 levitate
587 799 733 875 locoque;

87 897 212 958 densior
226 896 275 957 his
291 897 382 958 tellus
397 897 610 976 elementaque
624 897 753 976 grandia
768 899 858 958 traxit

87 1010 117 1059 et
132 1015 239 1075 pressa
253 1007 302 1058 est
315 997 466 1077 gravitate
482 1015 555 1069 sua;
579 997 773 1060 circumfluus
789 1019 875 1060 umor

88 1098 194 1158 ultima
209 1097 349 1175 possedit
365 1097 560 1176 solidumque
576 1099 711 1161 coercuit
724 1100 839 1161 orbem.

131 1198 182 1259 Sic
196 1197 249 1258 ubi
265 1197 457 1276 dispositam,
473 1197 614 1276 quisquis
629 1199 690 1260 ruit
702 1199 752 1261 ille
768 1200 902 1275 deorum,
974 1247 1026 1298 Ἣ
1040 1255 1060 1272 „
1079 1279 1081 1284 ,

88 1297 262 1377 congeriem
277 1296 376 1359 secuit
391 1306 568 1376 sectamque
583 1298 614 1358 in
630 1300 767 1360 membra
782 1301 908 1380 redegit,
984 1293 986 1314 ²
1026 1291 1039 1306 ⁹
1069 1285 1104 1308 '¹'

88 1398 240 1486 principio
255 1408 375 1472 terram,
392 1417 431 1460 ne
447 1417 509 1460 nou
526 1399 663 1477 aequalis
679 1400 718 1461 ab
733 1401 815 1461 omni

88 1511 175 1577 parte
190 1499 277 1573 foret,
294 1498 397 1578 magni
414 1499 549 1578 speciem
564 1501 743 1580 glomeravit
759 1502 789 1562 in
805 1503 897 1564 orbis.
1051 1519 1082 1572 35

89 1603 169 1660 Tum
184 1601 263 1661 freta
277 1599 401 1661 diffudit
417 1599 595 1679 rapidisque
610 1611 780 1664 tumescere
796 1605 895 1665 ventis

89 1701 179 1763 iussit
195 1712 226 1762 et
241 1700 375 1763 ambitae
391 1700 580 1764 circumdare
594 1703 683 1764 litora
697 1714 804 1765 terrae.

91 1801 221 1863 Addidit
235 1812 267 1862 et
281 1803 384 1863 fontes
399 1813 430 1864 et
446 1813 555 1881 stagna
570 1803 720 1865 immensa
734 1805 889 1885 lacusque,

90 1903 276 1981 fluminaque
292 1902 427 1980 obliquis
438 1902 533 1964 cinxit
547 1903 677 1964 declivia
692 1904 775 1984 ripis,

92 2023 180 2080 quae,
196 2002 318 2064 diversa
332 2002 417 2078 locis,
435 2002 546 2082 partim
562 2005 724 2065 sorbentur
739 2007 778 2066 ab
794 2006 868 2084 ipsa,

90 2104 120 2162 in
137 2123 219 2164 mare
236 2103 419 2181 perveniunt
435 2103 556 2183 partim,
574 2123 743 2184 campoque
760 2119 879 2186 recepta

90 2202 240 2265 liberioris
256 2222 355 2282 aquae
371 2223 428 2283 pro
442 2204 517 2288 ripis
534 2205 623 2266 litora
638 2207 770 2284 pulsant.

91 2305 185 2364 Iussit
200 2314 230 2365 et
246 2304 370 2365 extendi
386 2323 521 2383 campos,
538 2305 698 2368 subsidere
712 2308 816 2380 valles,

89 2403 199 2464 fronde
214 2403 275 2482 tegi
291 2403 393 2477 silvas,
412 2404 570 2482 lapidosos
587 2424 709 2484 surgere
726 2417 853 2467 montes.

91 2506 196 2581 thue
210 2504 290 2564 duae
305 2504 413 2565 dextra
428 2505 547 2565 caelum
563 2504 753 2583 totidemque
769 2507 893 2567 sinistra
1053 2523 1085 2576 45

89 2615 174 2681 parte
190 2612 299 2664 secant
315 2622 420 2676 zonae,
437 2604 544 2682 quinta
561 2614 610 2665 est
625 2605 780 2667 ardentior
796 2608 871 2682 illis;

89 2705 134 2765 sic
150 2723 229 2765 onus
245 2703 397 2765 inclusum
412 2696 539 2765 numero
555 2705 695 2768 distinxit
709 2708 817 2769 eodem

89 2825 162 2866 cura
176 2804 236 2882 dei,
253 2803 444 2884 totidemque
460 2806 571 2885 plagae
586 2808 694 2892 tellure
709 2821 896 2887 premuntur.

89 2906 227 2980 Quarum
242 2890 323 2982 quae'
338 2905 440 2966 media
455 2916 512 2979 est,
531 2925 592 2967 non
609 2918 656 2968 est
672 2907 852 2969 habitabilis
868 2919 972 2983 aestu,

90 3006 141 3065 nix
157 3005 233 3085 tegit
249 3006 311 3067 alta
325 3005 420 3079 duas;
445 3007 573 3068 totidem
588 3007 668 3068 inter
683 3017 842 3087 utramque
858 3009 978 3083 locavit,
1054 3025 1085 3076 50

89 3106 329 3185 temperiemque
344 3106 432 3167 dedit
447 3107 542 3167 mixta
557 3126 626 3169 cum
642 3108 755 3187 frigore
770 3109 902 3168 flamma.

134 3206 277 3267 Imminet
294 3206 342 3268 his
358 3212 428 3281 air3
451 3208 512 3285 qui,
529 3218 645 3288 quanto
660 3220 708 3270 est
722 3209 859 3288 pondere
875 3219 973 3272 terrae
