2940 3552
691 96 909 144 ruinartium.
1265 96 1296 146 45
1333 81 1337 90 '

345 271 399 329 Est
414 269 500 328 locus
516 267 547 326 in
561 267 702 345 geminos
719 265 770 326 ubi
787 264 932 325 bracchia
947 275 1097 325 concavat
1113 283 1201 324 arcus
1251 275 1297 330 ¹95

303 369 447 445 Scorpius
463 377 493 427 et
509 368 608 427 cauda
623 366 771 444 flexisque
787 365 939 442 utrimque
956 364 1078 425 lacertis

302 469 427 548 porrigit
443 467 474 527 in
490 469 624 547 spatium
641 468 797 546 signorum
814 467 950 527 membra
965 467 1104 526 duorum.

305 573 397 629 Hunc
413 588 489 647 puer
505 579 537 629 ut
554 568 632 646 nigri
649 569 805 628 madidum
821 568 934 627 sudore
950 567 1061 628 veneni

302 671 428 729 vulnera
444 679 568 729 curvata
585 669 777 729 minitantem
793 669 922 746 cuspide
939 667 1023 742 vidit,

303 773 414 833 mentis
429 773 519 850 inops
534 773 637 851 gelida
653 773 817 833 formidine
833 773 897 832 lora
913 771 1037 832 remisit.
1251 783 1298 819 20⁰

303 875 391 948 Quae
407 883 572 951 postquam
589 891 709 933 summo
724 872 852 951 tetigere
868 872 1000 932 iacentia
1015 882 1109 950 tergo,

304 971 514 1050 exspatiantur
529 973 609 1050 equi,
626 972 772 1049 nulloque
788 971 947 1032 inhibente
963 991 1017 1048 per
1033 990 1123 1030 auras

304 1073 425 1150 ignotae
441 1072 576 1150 regionis
592 1082 675 1144 eunt,
692 1091 815 1149 quaque
831 1072 965 1150 impetus
980 1072 1050 1149 egit,

304 1173 361 1231 hac
377 1173 443 1231 sine
456 1172 527 1249 ,lege
542 1183 643 1246 ruunt,
660 1172 784 1248 altoque
800 1172 858 1232 sub
875 1167 999 1232 aetheie
1015 1172 1082 1232 fixis

304 1273 462 1333 incursant
476 1271 582 1345 stellis,
600 1272 783 1350 rapiuntque
799 1291 853 1350 per
869 1274 937 1331 avia
952 1292 1081 1332 currum.
1185 1277 1196 1323 t
1251 1285 1298 1337 ²05

307 1375 343 1432 Et
359 1373 450 1432 modo
466 1391 585 1432 summa
601 1383 717 1451 petunt,
735 1373 828 1432 modo
843 1392 898 1450 per
913 1373 1031 1433 declive
1047 1374 1174 1449 viasque

304 1473 488 1551 praecipites
504 1473 605 1550 spatio
620 1483 718 1533 terrae
733 1473 875 1550 propiore
891 1474 1038 1534 feruntur.

307 1573 501 1652 Inferiusque
516 1574 581 1634 suis
596 1574 748 1634 fraternos
764 1592 883 1633 currere
901 1577 988 1633 Luna

306 1673 472 1733 admiratur
487 1692 593 1752 equos,
611 1675 815 1752 ambustaque
832 1674 938 1734 nubila
953 1676 1080 1735 fumant.

270 1841 277 1856 Ι
348 1775 518 1852 Corripitur
534 1775 673 1848 flammis
691 1785 723 1835 ut
738 1793 880 1853 quaeque
897 1775 1055 1848 altissima,
1072 1777 1172 1848 tellus,
1253 1789 1300 1824 ²10

306 1877 440 1953 fissaque
457 1875 520 1954 agit
535 1876 627 1936 rimas
643 1887 673 1936 et
689 1875 772 1937 sucis
788 1887 853 1936 aret
868 1877 1030 1955 ademptis.

308 1978 424 2037 Pabula
439 1989 615 2052 canescunt,
632 1997 700 2038 cum
716 1977 879 2038 frondibus
895 1978 991 2038 uritur
1007 1980 1104 2051 arbor,

307 2078 526 2156 materiamque
543 2099 598 2139 suo
614 2081 743 2157 praebet
758 2099 847 2159 seges
864 2081 950 2140 arida
966 2082 1087 2141 damno.

309 2181 406 2238 Parva
422 2198 541 2257 queror.
588 2181 721 2258 Magnae
738 2191 866 2258 pereunt
882 2201 952 2240 cunr
969 2181 1131 2241 moenibus
1147 2183 1246 2254 urbes,

307 2299 437 2357 euntque
454 2279 517 2339 suis
533 2290 613 2341 totas
629 2281 753 2358 populis
768 2281 912 2341 incendia
927 2291 1035 2358 gentes
1254 2295 1301 2346 2¹5

308 2381 338 2437 in
355 2380 486 2439 cinerem
503 2392 633 2440 vertunt.
680 2381 781 2440 Silvae
797 2399 865 2440 curn
882 2381 1039 2441 montibus
1054 2383 1171 2452 ardent,

307 2480 394 2539 ardet
410 2481 510 2539 Athos
525 2481 708 2560 Taurusque
724 2481 804 2542 Cilix
820 2492 851 2541 et
866 2482 994 2542 Trnolus
1009 2491 1039 2541 et
1056 2482 1133 2541 Oete

308 2590 337 2640 et
354 2591 417 2640 turn
433 2578 524 2654 sicca,
542 2580 627 2658 prius
643 2581 828 2642 creberrima
843 2583 989 2655 fontibus,
1009 2581 1065 2640 lde

308 2680 524 2758 virgineusque
541 2681 676 2741 Helicon
692 2693 723 2741 et
738 2683 875 2742 nondum
892 2681 1044 2759 Oeagrius
1060 2683 1208 2741 Haemos

309 2781 406 2841 Ardet
421 2781 451 2840 in
469 2780 651 2843 immensum
666 2782 831 2860 geminatis
847 2783 970 2862 ignibus
987 2785 1088 2842 Aetna
1255 2794 1302 2830 ²20

310 2884 524 2960 Parnasusque
539 2882 646 2962 biceps
662 2895 693 2943 et
709 2887 789 2964 Eryx
804 2893 836 2944 et
852 2884 993 2964 Cynthus
1009 2894 1039 2944 et
1054 2883 1178 2963 Othrys,

309 2992 340 3042 et
355 2983 480 3042 tandem
496 2983 618 3044 nivibus
636 2985 790 3063 Rhodope
806 2985 946 3059 caritura,
965 2983 1140 3060 Mimasque

310 3081 526 3162 Dindymaque
542 3094 573 3144 et
588 3085 710 3164 Mycale
726 3094 879 3161 natusque
895 3085 934 3143 ad
950 3102 1037 3144 sacra
1054 3082 1229 3142 Cithaeron.

310 3181 377 3241 Nec
392 3193 521 3260 prosunt
537 3184 680 3264 Scythiae
696 3204 753 3244 sua
767 3185 889 3262 frigora.
936 3185 1094 3244 Caucasus
1110 3180 1198 3240 ardet
