2940 3552
680 106 1013 159 AUTOBIOGRAPHY.

353 281 391 340 Et
407 277 506 340 tenuit
521 287 642 338 nostras
659 294 841 338 numerosus
858 275 1008 337 Horatius
1024 294 1113 338 aures

393 381 465 440 dum
481 378 552 440 ierit
567 376 706 439 Ausonia
721 377 858 438 carmina
874 377 955 439 culta
971 378 1043 459 lyra.

353 479 519 560 Vergilium
535 479 598 540 vidi
615 489 755 553 tantum余
778 499 835 540 nec
851 497 954 539 amara
969 478 1094 540 Tibullo

393 592 514 660 tempus
529 580 681 642 amicitiae
697 581 762 641 iata
776 582 891 642 dedere
905 599 1002 640 meae.

353 684 519 745 Successor
533 683 590 742 luit
607 681 657 742 bic
672 681 736 756 tibi,
752 681 859 754 Galle余
883 681 1060 760 Propertius
1075 681 1137 755 illi余

394 793 521 862 quartus
537 783 576 844 ab
593 783 641 844 bis
657 782 736 844 serie
751 783 899 860 temporis
918 782 985 860 ipse
1000 781 1053 842 lui.

354 886 458 962 thue
473 902 532 963 ego
547 883 686 955 maiores,
704 884 749 944 sic
765 901 814 942 me
829 883 952 943 coluere
968 881 1111 956 minores,
1317 894 1347 949 55

394 995 528 1061 notaque
545 1003 606 1043 non
622 983 709 1043 tarde
725 983 808 1044 lacta
823 983 934 1042 Thalia
950 1001 1018 1045 mea
1034 995 1091 1046 est.

353 1085 497 1148 Carmina
514 1103 581 1144 cum
598 1083 728 1162 primum
747 1085 863 1162 populo
879 1084 1032 1145 iuvenalia
1047 1085 1116 1163 legi,

294 1242 301 1254 ,
394 1187 490 1248 barba
505 1195 623 1246 resecta
638 1184 712 1243 mibi
728 1185 815 1246 bisve
831 1186 964 1246 semelve
980 1186 1046 1246 luit.

355 1289 496 1347 Moverat
511 1286 666 1364 ingenium
683 1297 778 1347 totam
794 1297 917 1348 cantata
933 1307 986 1366 per
1003 1288 1120 1348 Urbem

394 1387 517 1447 nomine
534 1406 596 1446 non
613 1388 782 1448 vero'dicta
798 1387 933 1450 Corinna
949 1387 1031 1448 mihi.

356 1492 454 1550 Multa
469 1491 592 1569 quidem
610 1492 735 1571 scripsi余
759 1492 815 1552 sed
831 1509 911 1568 quae
927 1489 1037 1550 vitiosa
1052 1488 1165 1566 putavi,

394 1593 602 1652 emendaturis
619 1592 742 1671 ignibus
758 1591 825 1669 ipse
840 1590 921 1652 dedi.

354 1692 443 1752 Tunc
458 1711 590 1769 quoque,
608 1711 678 1752 cum
693 1692 840 1769 fugerem,
858 1691 1009 1768 quaedam
1025 1690 1175 1769 placitura
1190 1691 1331 1764 cremavi,

395 1791 490 1852 iratus
506 1793 608 1852 studio
623 1791 872 1868 carminibusque
887 1793 972 1852 meis.

356 1892 451 1952 Molle
467 1892 650 1970 Cupidineis
666 1911 723 1952 nec
739 1892 976 1970 inexpugnabile
992 1892 1060 1953 telis
1317 1893 1350 1960 65

396 2011 448 2053 cor
463 1993 546 2066 mibi,
564 1995 709 2071 quodque
725 1993 801 2055 levis
817 2012 911 2054 causa
925 2003 1071 2066 moveret,
1087 2004 1161 2056 erat.

356 2095 433 2154 Cum
449 2103 550 2154 tamen
568 2094 618 2155 hic
633 2113 743 2167 essem,
760 2094 948 2171 minimoque
964 2096 1149 2156 accenderer
1164 2095 1236 2174 igni,

397 2193 520 2254 nomine
537 2195 595 2254 sub
611 2204 716 2256 nostro
731 2195 837 2257 fabula
853 2195 936 2254 nulla
951 2194 1018 2256 luit.

358 2296 459 2354 Paene
475 2293 549 2354 mibi
566 2314 662 2373 puero
678 2315 736 2356 nec
751 2296 846 2375 digna
862 2315 919 2356 nec
935 2295 1019 2356 utilis
1035 2315 1108 2357 uxor

397 2407 444 2457 est
459 2396 540 2470 data,
559 2416 638 2474 quae
654 2406 776 2474 tempus
792 2417 846 2474 per
863 2398 956 2458 breve
973 2408 1068 2477 nupta
1083 2398 1150 2459 luit.
1319 2413 1352 2462 70

358 2495 406 2555 llli
422 2496 580 2569 successit,
597 2497 737 2573 quamvis
753 2497 820 2558 sine
835 2499 962 2560 crimine
978 2500 1120 2572 coniunx,

398 2614 459 2655 non
476 2605 579 2657 tamen
595 2596 626 2655 in
643 2608 749 2658 nostro
764 2598 850 2658 firma
865 2599 968 2659 futura
983 2609 1059 2661 toro.

358 2696 484 2770 Ultima,
501 2717 580 2774 quae
598 2715 716 2758 mecum
733 2717 818 2758 seros
834 2701 1003 2776 permansit
1018 2701 1048 2759 in
1065 2719 1173 2774 annos,

398 2797 543 2857 sustinuit
558 2797 693 2859 coniunx
707 2798 823 2859 exsulis
837 2818 906 2860 esse
923 2801 987 2861 viri.

359 2898 435 2959 Filia
451 2917 500 2961 me
515 2918 583 2958 mea
597 2900 645 2960 bis
661 2900 759 2978 prima
773 2900 909 2961 fecunda
925 2901 1057 2975 iuventa,

399 2999 455 3060 sed
471 3019 532 3061 non
548 3020 586 3061 ex
602 3020 662 3062 uno
678 3000 818 3081 coniuge,
835 3002 1023 3078 lecitavum.

360 3100 471 3160 Etiam
488 3101 655 3180 complerat
670 3102 791 3180 genitor
805 3122 861 3163 sua
878 3103 950 3175 lata,
967 3121 1139 3181 novemque

400 3201 562 3262 addiderat
577 3201 680 3262 lustris
696 3202 792 3261 altera
808 3203 902 3262 lustra
918 3221 1037 3264 novem.
