<?xml version="1.0" encoding="UTF-8"?>
<!DOCTYPE html PUBLIC "-//W3C//DTD XHTML 1.0 Transitional//EN"
    "http://www.w3.org/TR/xhtml1/DTD/xhtml1-transitional.dtd">
<html xmlns="http://www.w3.org/1999/xhtml" xml:lang="en" lang="en">
 <head>
  <title>
</title>
<meta http-equiv="Content-Type" content="text/html;charset=utf-8" />
  <meta name='ocr-system' content='tesseract 3.04.00' />
  <meta name='ocr-capabilities' content='ocr_page ocr_carea ocr_par ocr_line ocrx_word'/>
</head>
<body>
  <div class='ocr_page' id='page_1' title='image "./firstandsecondb00ovidgoog/firstandsecondb00ovidgoog_0032.png"; bbox 0 0 2940 3552; ppageno 0'>
   <div class='ocr_carea' id='block_1_1' title="bbox 558 533 1131 610">
    <p class='ocr_par' dir='ltr' id='par_1_1' title="bbox 558 533 1131 610">
     <span class='ocr_line' id='line_1_1' title="bbox 558 533 1131 610; baseline 0 -2"><span class='ocrx_word' id='word_1_1' title='bbox 558 536 560 540; x_wconf 73' lang='grc'><strong>’</strong></span> <span class='ocrx_word' id='word_1_2' title='bbox 584 536 622 608; x_wconf 89' lang='grc' dir='ltr'>Ρ.</span> <span class='ocrx_word' id='word_1_3' title='bbox 659 535 842 610; x_wconf 89' lang='lat' dir='ltr'>OViDll</span> <span class='ocrx_word' id='word_1_4' title='bbox 885 533 1131 608; x_wconf 79' lang='lat' dir='ltr'>NASONIS</span> 
     </span>
    </p>
   </div>
   <div class='ocr_carea' id='block_1_2' title="bbox 646 735 1071 796">
    <p class='ocr_par' dir='ltr' id='par_1_2' title="bbox 646 735 1071 796">
     <span class='ocr_line' id='line_1_2' title="bbox 646 735 1071 796; baseline 0 0"><span class='ocrx_word' id='word_1_5' title='bbox 646 735 1071 796; x_wconf 82' lang='lat' dir='ltr'>METAMORPHOSEON</span> 
     </span>
    </p>
   </div>
   <div class='ocr_carea' id='block_1_3' title="bbox 717 919 1000 970">
    <p class='ocr_par' dir='ltr' id='par_1_3' title="bbox 717 919 1000 970">
     <span class='ocr_line' id='line_1_3' title="bbox 717 919 1000 970; baseline -0.007 -1"><span class='ocrx_word' id='word_1_6' title='bbox 717 920 825 969; x_wconf 76' lang='lat' dir='ltr'>LIBER</span> <span class='ocrx_word' id='word_1_7' title='bbox 852 919 1000 970; x_wconf 81' lang='lat' dir='ltr'><strong>PRIMUS.</strong></span> 
     </span>
    </p>
   </div>
   <div class='ocr_carea' id='block_1_4' title="bbox 361 1054 1358 1751">
    <p class='ocr_par' dir='ltr' id='par_1_4' title="bbox 361 1054 1267 1439">
     <span class='ocr_line' id='line_1_4' title="bbox 362 1054 1107 1116; baseline -0.003 0"><span class='ocrx_word' id='word_1_8' title='bbox 362 1058 399 1116; x_wconf 79' lang='lat' dir='ltr'>ln</span> <span class='ocrx_word' id='word_1_9' title='bbox 417 1075 497 1115; x_wconf 88' lang='lat' dir='ltr'>nova</span> <span class='ocrx_word' id='word_1_10' title='bbox 512 1056 572 1116; x_wconf 84' lang='lat' dir='ltr'>lert</span> <span class='ocrx_word' id='word_1_11' title='bbox 588 1054 708 1116; x_wconf 89' lang='lat' dir='ltr'>animus</span> <span class='ocrx_word' id='word_1_12' title='bbox 726 1065 860 1116; x_wconf 88' lang='lat' dir='ltr'>mutatas</span> <span class='ocrx_word' id='word_1_13' title='bbox 874 1055 976 1116; x_wconf 86' lang='lat' dir='ltr'>dicere</span> <span class='ocrx_word' id='word_1_14' title='bbox 993 1055 1107 1114; x_wconf 86' lang='lat' dir='ltr'>lorrnas</span> 
     </span>
     <span class='ocr_line' id='line_1_5' title="bbox 361 1155 1267 1234; baseline -0.002 -16"><span class='ocrx_word' id='word_1_15' title='bbox 361 1175 498 1234; x_wconf 87' lang='lat' dir='ltr'>corpora.</span> <span class='ocrx_word' id='word_1_16' title='bbox 544 1155 593 1228; x_wconf 87' lang='lat' dir='ltr'>Di,</span> <span class='ocrx_word' id='word_1_17' title='bbox 611 1156 861 1234; x_wconf 82' lang='lat' dir='ltr'>coeptis—nam</span> <span class='ocrx_word' id='word_1_18' title='bbox 880 1176 934 1216; x_wconf 92' lang='lat' dir='ltr'>vos</span> <span class='ocrx_word' id='word_1_19' title='bbox 950 1155 1182 1217; x_wconf 74' lang='lat' dir='ltr'>mutastis—et</span> <span class='ocrx_word' id='word_1_20' title='bbox 1198 1155 1267 1216; x_wconf 88' lang='lat' dir='ltr'>illac</span> 
     </span>
     <span class='ocr_line' id='line_1_6' title="bbox 361 1257 1081 1338; baseline 0 -22"><span class='ocrx_word' id='word_1_21' title='bbox 361 1257 493 1336; x_wconf 90' lang='lat' dir='ltr'>aspirate</span> <span class='ocrx_word' id='word_1_22' title='bbox 510 1259 594 1331; x_wconf 75' lang='lat' dir='ltr'>meiS,</span> <span class='ocrx_word' id='word_1_23' title='bbox 611 1257 771 1337; x_wconf 86' lang='lat' dir='ltr'>primaque</span> <span class='ocrx_word' id='word_1_24' title='bbox 787 1259 826 1319; x_wconf 91' lang='lat' dir='ltr'>ab</span> <span class='ocrx_word' id='word_1_25' title='bbox 842 1258 959 1338; x_wconf 84' lang='lat' dir='ltr'><strong>origine</strong></span> <span class='ocrx_word' id='word_1_26' title='bbox 975 1257 1081 1318; x_wconf 86' lang='lat' dir='ltr'>mundi</span> 
     </span>
     <span class='ocr_line' id='line_1_7' title="bbox 361 1358 1146 1439; baseline 0 -21"><span class='ocrx_word' id='word_1_27' title='bbox 361 1358 401 1419; x_wconf 92' lang='lat' dir='ltr'>ad</span> <span class='ocrx_word' id='word_1_28' title='bbox 417 1378 485 1420; x_wconf 90' lang='lat' dir='ltr'>mea</span> <span class='ocrx_word' id='word_1_29' title='bbox 500 1369 681 1439; x_wconf 88' lang='lat' dir='ltr'>perpetuum</span> <span class='ocrx_word' id='word_1_30' title='bbox 698 1359 843 1421; x_wconf 86' lang='lat' dir='ltr'>deducite</span> <span class='ocrx_word' id='word_1_31' title='bbox 859 1370 998 1438; x_wconf 87' lang='lat' dir='ltr'>tempora</span> <span class='ocrx_word' id='word_1_32' title='bbox 1012 1377 1146 1419; x_wconf 85' lang='lat' dir='ltr'>carmen.</span> 
     </span>
    </p>

    <p class='ocr_par' dir='ltr' id='par_1_5' title="bbox 362 1458 1358 1751">
     <span class='ocr_line' id='line_1_8' title="bbox 404 1458 1358 1540; baseline -0.002 -20"><span class='ocrx_word' id='word_1_33' title='bbox 404 1461 485 1520; x_wconf 85' lang='lat' dir='ltr'>Ante</span> <span class='ocrx_word' id='word_1_34' title='bbox 501 1479 583 1522; x_wconf 90' lang='lat' dir='ltr'>mare</span> <span class='ocrx_word' id='word_1_35' title='bbox 599 1472 630 1522; x_wconf 87' lang='lat' dir='ltr'>et</span> <span class='ocrx_word' id='word_1_36' title='bbox 645 1472 743 1522; x_wconf 90' lang='lat' dir='ltr'>terras</span> <span class='ocrx_word' id='word_1_37' title='bbox 758 1471 796 1535; x_wconf 91' lang='lat' dir='ltr'>et,</span> <span class='ocrx_word' id='word_1_38' title='bbox 814 1461 898 1539; x_wconf 91' lang='lat' dir='ltr'>quod</span> <span class='ocrx_word' id='word_1_39' title='bbox 914 1460 990 1540; x_wconf 84' lang='lat' dir='ltr'>tegit</span> <span class='ocrx_word' id='word_1_40' title='bbox 1004 1459 1116 1532; x_wconf 86' lang='lat' dir='ltr'>omnia,</span> <span class='ocrx_word' id='word_1_41' title='bbox 1134 1458 1251 1520; x_wconf 87' lang='lat' dir='ltr'>caelum</span> <span class='ocrx_word' id='word_1_42' title='bbox 1345 1471 1358 1525; x_wconf 82' lang='grc'><strong><em>5</em></strong></span> 
     </span>
     <span class='ocr_line' id='line_1_9' title="bbox 362 1561 1011 1648; baseline 0 -26"><span class='ocrx_word' id='word_1_43' title='bbox 362 1580 441 1648; x_wconf 62' lang='lat' dir='ltr'>Q</span> <span class='ocrx_word' id='word_1_44' title='bbox 457 1572 522 1622; x_wconf 91' lang='lat' dir='ltr'>erat</span> <span class='ocrx_word' id='word_1_45' title='bbox 537 1571 602 1622; x_wconf 95' lang='lat' dir='ltr'>toto</span> <span class='ocrx_word' id='word_1_46' title='bbox 619 1572 746 1622; x_wconf 87' lang='lat' dir='ltr'>naturae</span> <span class='ocrx_word' id='word_1_47' title='bbox 760 1562 864 1638; x_wconf 63' lang='lat' dir='ltr'>guma</span> <span class='ocrx_word' id='word_1_48' title='bbox 880 1561 911 1621; x_wconf 94' lang='lat' dir='ltr'>in</span> <span class='ocrx_word' id='word_1_49' title='bbox 927 1562 1011 1636; x_wconf 85' lang='lat' dir='ltr'>orbe,</span> 
     </span>
     <span class='ocr_line' id='line_1_10' title="bbox 362 1661 1163 1751; baseline 0.002 -31"><span class='ocrx_word' id='word_1_50' title='bbox 362 1680 452 1740; x_wconf 87' lang='lat' dir='ltr'>quern</span> <span class='ocrx_word' id='word_1_51' title='bbox 469 1662 573 1723; x_wconf 85' lang='lat' dir='ltr'>dixere</span> <span class='ocrx_word' id='word_1_52' title='bbox 589 1663 700 1723; x_wconf 92' lang='lat' dir='ltr'>chaos:</span> <span class='ocrx_word' id='word_1_53' title='bbox 724 1661 810 1722; x_wconf 87' lang='lat' dir='ltr'>rudis</span> <span class='ocrx_word' id='word_1_54' title='bbox 826 1661 1041 1741; x_wconf 85' lang='lat' dir='ltr'>indigestaque</span> <span class='ocrx_word' id='word_1_55' title='bbox 1058 1661 1163 1751; x_wconf 67' lang='lat' dir='ltr'>prolege,</span> 
     </span>
    </p>
   </div>
   <div class='ocr_carea' id='block_1_5' title="bbox 315 1761 1362 3165">
    <p class='ocr_par' dir='ltr' id='par_1_6' title="bbox 362 1761 1256 1842">
     <span class='ocr_line' id='line_1_11' title="bbox 362 1761 1256 1842; baseline 0 -20"><span class='ocrx_word' id='word_1_56' title='bbox 362 1761 598 1841; x_wconf 88' lang='lat' dir='ltr'>necquicquam</span> <span class='ocrx_word' id='word_1_57' title='bbox 615 1761 673 1823; x_wconf 88' lang='lat' dir='ltr'>nisi</span> <span class='ocrx_word' id='word_1_58' title='bbox 690 1763 812 1841; x_wconf 92' lang='lat' dir='ltr'>pondus</span> <span class='ocrx_word' id='word_1_59' title='bbox 826 1762 907 1824; x_wconf 88' lang='lat' dir='ltr'>iners</span> <span class='ocrx_word' id='word_1_60' title='bbox 923 1772 1133 1842; x_wconf 84' lang='lat' dir='ltr'>congestaque</span> <span class='ocrx_word' id='word_1_61' title='bbox 1149 1763 1256 1824; x_wconf 83' lang='lat' dir='ltr'>eodem</span> 
     </span>
    </p>

    <p class='ocr_par' dir='ltr' id='par_1_7' title="bbox 362 1863 1139 1940">
     <span class='ocr_line' id='line_1_12' title="bbox 362 1863 1139 1940; baseline 0.003 -18"><span class='ocrx_word' id='word_1_62' title='bbox 362 1883 424 1923; x_wconf 93' lang='lat' dir='ltr'>non</span> <span class='ocrx_word' id='word_1_63' title='bbox 439 1864 519 1924; x_wconf 92' lang='lat' dir='ltr'>bene</span> <span class='ocrx_word' id='word_1_64' title='bbox 536 1864 708 1924; x_wconf 87' lang='lat' dir='ltr'>iunctarum</span> <span class='ocrx_word' id='word_1_65' title='bbox 723 1863 879 1940; x_wconf 78' lang='lat' dir='ltr'>discordia</span> <span class='ocrx_word' id='word_1_66' title='bbox 894 1864 1014 1935; x_wconf 75' lang='lat' dir='ltr'>semina</span> <span class='ocrx_word' id='word_1_67' title='bbox 1029 1883 1139 1925; x_wconf 86' lang='lat' dir='ltr'>rerum.</span> 
     </span>
    </p>

    <p class='ocr_par' dir='ltr' id='par_1_8' title="bbox 364 1964 1360 2042">
     <span class='ocr_line' id='line_1_13' title="bbox 364 1964 1360 2042; baseline -0.001 -17"><span class='ocrx_word' id='word_1_68' title='bbox 364 1965 475 2025; x_wconf 90' lang='lat' dir='ltr'>Nullus</span> <span class='ocrx_word' id='word_1_69' title='bbox 491 1964 593 2025; x_wconf 91' lang='lat' dir='ltr'>adhue</span> <span class='ocrx_word' id='word_1_70' title='bbox 609 1964 723 2026; x_wconf 91' lang='lat' dir='ltr'>rnundo</span> <span class='ocrx_word' id='word_1_71' title='bbox 740 1965 908 2042; x_wconf 87' lang='lat' dir='ltr'>praebebat</span> <span class='ocrx_word' id='word_1_72' title='bbox 924 1965 1040 2025; x_wconf 88' lang='lat' dir='ltr'>lumina</span> <span class='ocrx_word' id='word_1_73' title='bbox 1055 1965 1158 2038; x_wconf 81' lang='lat' dir='ltr'>Titan,</span> <span class='ocrx_word' id='word_1_74' title='bbox 1331 1979 1360 2016; x_wconf 86' lang='lat'>¹0</span> 
     </span>
    </p>

    <p class='ocr_par' dir='ltr' id='par_1_9' title="bbox 362 2065 1161 2144">
     <span class='ocr_line' id='line_1_14' title="bbox 362 2065 1161 2144; baseline 0.005 -20"><span class='ocrx_word' id='word_1_75' title='bbox 362 2084 420 2125; x_wconf 94' lang='lat' dir='ltr'>nec</span> <span class='ocrx_word' id='word_1_76' title='bbox 436 2084 516 2126; x_wconf 91' lang='lat' dir='ltr'>nova</span> <span class='ocrx_word' id='word_1_77' title='bbox 531 2065 699 2126; x_wconf 91' lang='lat' dir='ltr'>crescendo</span> <span class='ocrx_word' id='word_1_78' title='bbox 715 2066 878 2144; x_wconf 82' lang='lat' dir='ltr'>reparabat</span> <span class='ocrx_word' id='word_1_79' title='bbox 893 2084 1009 2126; x_wconf 86' lang='lat' dir='ltr'>cornua</span> <span class='ocrx_word' id='word_1_80' title='bbox 1025 2066 1161 2140; x_wconf 90' lang='lat' dir='ltr'>Phoebe,</span> 
     </span>
    </p>

    <p class='ocr_par' dir='ltr' id='par_1_10' title="bbox 363 2164 1035 2243">
     <span class='ocr_line' id='line_1_15' title="bbox 363 2164 1035 2243; baseline 0.006 -19"><span class='ocrx_word' id='word_1_81' title='bbox 363 2183 420 2226; x_wconf 90' lang='lat' dir='ltr'>nec</span> <span class='ocrx_word' id='word_1_82' title='bbox 436 2164 621 2226; x_wconf 78' lang='lat' dir='ltr'>circumfuso</span> <span class='ocrx_word' id='word_1_83' title='bbox 637 2165 795 2243; x_wconf 85' lang='lat' dir='ltr'>pendebat</span> <span class='ocrx_word' id='word_1_84' title='bbox 805 2165 934 2240; x_wconf 53' lang='lat' dir='ltr'>ina-ere</span> <span class='ocrx_word' id='word_1_85' title='bbox 945 2166 1035 2228; x_wconf 90' lang='lat' dir='ltr'>tellus</span> 
     </span>
    </p>

    <p class='ocr_par' dir='ltr' id='par_1_11' title="bbox 362 2264 1111 2346">
     <span class='ocr_line' id='line_1_16' title="bbox 362 2264 1111 2346; baseline 0.005 -22"><span class='ocrx_word' id='word_1_86' title='bbox 362 2264 552 2342; x_wconf 88' lang='lat' dir='ltr'>ponderibus</span> <span class='ocrx_word' id='word_1_87' title='bbox 567 2265 678 2326; x_wconf 87' lang='lat' dir='ltr'>librata</span> <span class='ocrx_word' id='word_1_88' title='bbox 695 2265 767 2339; x_wconf 89' lang='lat' dir='ltr'>suis,</span> <span class='ocrx_word' id='word_1_89' title='bbox 785 2285 842 2328; x_wconf 89' lang='lat' dir='ltr'>nec</span> <span class='ocrx_word' id='word_1_90' title='bbox 857 2266 1003 2327; x_wconf 88' lang='lat' dir='ltr'>bracchia</span> <span class='ocrx_word' id='word_1_91' title='bbox 1018 2269 1111 2346; x_wconf 85' lang='lat' dir='ltr'>longo</span> 
     </span>
    </p>

    <p class='ocr_par' dir='ltr' id='par_1_12' title="bbox 363 2366 1068 2446">
     <span class='ocr_line' id='line_1_17' title="bbox 363 2366 1068 2446; baseline 0.006 -22"><span class='ocrx_word' id='word_1_92' title='bbox 363 2367 499 2444; x_wconf 86' lang='lat' dir='ltr'>margine</span> <span class='ocrx_word' id='word_1_93' title='bbox 515 2376 662 2426; x_wconf 88' lang='lat' dir='ltr'>terrarum</span> <span class='ocrx_word' id='word_1_94' title='bbox 678 2377 856 2444; x_wconf 85' lang='lat' dir='ltr'>porrexerat</span> <span class='ocrx_word' id='word_1_95' title='bbox 872 2366 1068 2446; x_wconf 84' lang='lat' dir='ltr'>Amphitrite.</span> 
     </span>
    </p>

    <p class='ocr_par' dir='ltr' id='par_1_13' title="bbox 364 2465 1080 2552">
     <span class='ocr_line' id='line_1_18' title="bbox 364 2465 1080 2552; baseline 0 -24"><span class='ocrx_word' id='word_1_96' title='bbox 364 2468 468 2545; x_wconf 92' lang='lat' dir='ltr'>thue</span> <span class='ocrx_word' id='word_1_97' title='bbox 484 2477 549 2527; x_wconf 89' lang='lat' dir='ltr'>erat</span> <span class='ocrx_word' id='word_1_98' title='bbox 565 2476 596 2528; x_wconf 92' lang='lat' dir='ltr'>et</span> <span class='ocrx_word' id='word_1_99' title='bbox 611 2465 702 2528; x_wconf 90' lang='lat' dir='ltr'>tellus</span> <span class='ocrx_word' id='word_1_100' title='bbox 718 2467 780 2529; x_wconf 95' lang='lat' dir='ltr'>illic</span> <span class='ocrx_word' id='word_1_101' title='bbox 795 2478 827 2528; x_wconf 91' lang='lat' dir='ltr'>et</span> <span class='ocrx_word' id='word_1_102' title='bbox 841 2478 957 2546; x_wconf 87' lang='lat' dir='ltr'>pontus</span> <span class='ocrx_word' id='word_1_103' title='bbox 965 2478 1046 2552; x_wconf 48' lang='grc' dir='ltr'>,φρ</span> <span class='ocrx_word' id='word_1_104' title='bbox 1019 2472 1080 2541; x_wconf 66' lang='lat' dir='ltr'>adr,</span> 
     </span>
    </p>

    <p class='ocr_par' dir='ltr' id='par_1_14' title="bbox 315 2565 1044 2649">
     <span class='ocr_line' id='line_1_19' title="bbox 315 2565 1044 2649; baseline 0.003 -23"><span class='ocrx_word' id='word_1_105' title='bbox 315 2637 321 2649; x_wconf 37' lang='grc' dir='ltr'>Ι</span> <span class='ocrx_word' id='word_1_106' title='bbox 362 2566 407 2627; x_wconf 88' lang='lat' dir='ltr'>sic</span> <span class='ocrx_word' id='word_1_107' title='bbox 422 2575 487 2628; x_wconf 86' lang='lat' dir='ltr'>erat</span> <span class='ocrx_word' id='word_1_108' title='bbox 502 2565 656 2627; x_wconf 89' lang='lat' dir='ltr'>instabilis</span> <span class='ocrx_word' id='word_1_109' title='bbox 672 2567 771 2642; x_wconf 83' lang='lat' dir='ltr'>tellus,</span> <span class='ocrx_word' id='word_1_110' title='bbox 790 2568 937 2629; x_wconf 90' lang='lat' dir='ltr'>innabilis</span> <span class='ocrx_word' id='word_1_111' title='bbox 953 2568 1044 2642; x_wconf 90' lang='lat' dir='ltr'>unda,</span> 
     </span>
    </p>

    <p class='ocr_par' dir='ltr' id='par_1_15' title="bbox 362 2665 1112 2752">
     <span class='ocr_line' id='line_1_20' title="bbox 362 2665 1112 2752; baseline 0.007 -26"><span class='ocrx_word' id='word_1_112' title='bbox 362 2665 440 2728; x_wconf 90' lang='lat' dir='ltr'>lucis</span> <span class='ocrx_word' id='word_1_113' title='bbox 419 2685 594 2752; x_wconf 48' lang='lat' dir='ltr'>eger}</span> <span class='ocrx_word' id='word_1_114' title='bbox 566 2670 627 2728; x_wconf 86' lang='lat' dir='ltr'>a&#39;er</span> <span class='ocrx_word' id='word_1_115' title='bbox 674 2667 759 2728; x_wconf 92' lang='lat' dir='ltr'>Nulli</span> <span class='ocrx_word' id='word_1_116' title='bbox 775 2687 831 2729; x_wconf 89' lang='lat' dir='ltr'>sua</span> <span class='ocrx_word' id='word_1_117' title='bbox 845 2669 944 2730; x_wconf 85' lang='lat' dir='ltr'>lorrna</span> <span class='ocrx_word' id='word_1_118' title='bbox 959 2669 1112 2744; x_wconf 87' lang='lat' dir='ltr'>manebat,</span> 
     </span>
    </p>

    <p class='ocr_par' dir='ltr' id='par_1_16' title="bbox 355 2744 1119 2848">
     <span class='ocr_line' id='line_1_21' title="bbox 355 2744 1119 2848; baseline 0.004 -21.024"><span class='ocrx_word' id='word_1_119' title='bbox 355 2744 568 2845; x_wconf 81' lang='lat' dir='ltr'>obstabatque</span> <span class='ocrx_word' id='word_1_120' title='bbox 584 2745 652 2827; x_wconf 79' lang='lat' dir='ltr'>aliis</span> <span class='ocrx_word' id='word_1_121' title='bbox 668 2767 760 2841; x_wconf 91' lang='lat' dir='ltr'>aliud,</span> <span class='ocrx_word' id='word_1_122' title='bbox 777 2767 850 2846; x_wconf 89' lang='lat' dir='ltr'>quia</span> <span class='ocrx_word' id='word_1_123' title='bbox 865 2787 993 2848; x_wconf 90' lang='lat' dir='ltr'>corpore</span> <span class='ocrx_word' id='word_1_124' title='bbox 1009 2768 1041 2829; x_wconf 92' lang='lat' dir='ltr'>in</span> <span class='ocrx_word' id='word_1_125' title='bbox 1057 2789 1119 2830; x_wconf 92' lang='lat' dir='ltr'>uno</span> 
     </span>
    </p>

    <p class='ocr_par' dir='ltr' id='par_1_17' title="bbox 362 2867 1072 2948">
     <span class='ocr_line' id='line_1_22' title="bbox 362 2867 1072 2948; baseline 0.006 -22"><span class='ocrx_word' id='word_1_126' title='bbox 362 2867 473 2947; x_wconf 78' lang='lat' dir='ltr'>frigida</span> <span class='ocrx_word' id='word_1_127' title='bbox 487 2869 670 2948; x_wconf 85' lang='lat' dir='ltr'>pugnabant</span> <span class='ocrx_word' id='word_1_128' title='bbox 684 2867 802 2943; x_wconf 88' lang='lat' dir='ltr'>calidis,</span> <span class='ocrx_word' id='word_1_129' title='bbox 820 2869 957 2930; x_wconf 85' lang='lat' dir='ltr'>umentia</span> <span class='ocrx_word' id='word_1_130' title='bbox 973 2870 1072 2944; x_wconf 88' lang='lat' dir='ltr'>siccis,</span> 
     </span>
    </p>

    <p class='ocr_par' dir='ltr' id='par_1_18' title="bbox 362 2968 1362 3165">
     <span class='ocr_line' id='line_1_23' title="bbox 362 2968 1362 3049; baseline 0.004 -21"><span class='ocrx_word' id='word_1_131' title='bbox 362 2969 466 3028; x_wconf 89' lang='lat' dir='ltr'>mollia</span> <span class='ocrx_word' id='word_1_132' title='bbox 480 2988 549 3030; x_wconf 87' lang='lat' dir='ltr'>curn</span> <span class='ocrx_word' id='word_1_133' title='bbox 566 2968 660 3043; x_wconf 91' lang='lat' dir='ltr'>duris,</span> <span class='ocrx_word' id='word_1_134' title='bbox 677 2969 745 3030; x_wconf 86' lang='lat' dir='ltr'>sine</span> <span class='ocrx_word' id='word_1_135' title='bbox 760 2970 899 3049; x_wconf 88' lang='lat' dir='ltr'>pondere</span> <span class='ocrx_word' id='word_1_136' title='bbox 914 2971 1062 3032; x_wconf 89' lang='lat' dir='ltr'>habentia</span> <span class='ocrx_word' id='word_1_137' title='bbox 1077 2972 1209 3049; x_wconf 92' lang='lat' dir='ltr'>pondus.</span> <span class='ocrx_word' id='word_1_138' title='bbox 1331 2985 1362 3020; x_wconf 87' lang='lat'>20</span> 
     </span>
     <span class='ocr_line' id='line_1_24' title="bbox 405 3069 1141 3165; baseline 0.004 -36"><span class='ocrx_word' id='word_1_139' title='bbox 405 3071 498 3130; x_wconf 85' lang='lat' dir='ltr'>Hanc</span> <span class='ocrx_word' id='word_1_140' title='bbox 509 3069 610 3165; x_wconf 40' lang='lat' dir='ltr'>deug‘</span> <span class='ocrx_word' id='word_1_141' title='bbox 606 3071 760 3160; x_wconf 63' lang='lat' dir='ltr'>‹3me</span> <span class='ocrx_word' id='word_1_142' title='bbox 774 3071 859 3131; x_wconf 88' lang='lat' dir='ltr'>litenr</span> <span class='ocrx_word' id='word_1_143' title='bbox 876 3081 984 3132; x_wconf 88' lang='lat' dir='ltr'>natura</span> <span class='ocrx_word' id='word_1_144' title='bbox 999 3071 1141 3145; x_wconf 87' lang='lat' dir='ltr'>diremit;</span> 
     </span>
    </p>
   </div>
   <div class='ocr_carea' id='block_1_6' title="bbox 362 3170 1061 3332">
    <p class='ocr_par' dir='ltr' id='par_1_19' title="bbox 362 3170 1061 3332">
     <span class='ocr_line' id='line_1_25' title="bbox 362 3170 1061 3232; baseline 0.003 -2"><span class='ocrx_word' id='word_1_145' title='bbox 362 3189 433 3230; x_wconf 87' lang='lat' dir='ltr'>narn</span> <span class='ocrx_word' id='word_1_146' title='bbox 449 3171 536 3232; x_wconf 85' lang='lat' dir='ltr'>caelo</span> <span class='ocrx_word' id='word_1_147' title='bbox 551 3182 647 3232; x_wconf 84' lang='lat' dir='ltr'>terras</span> <span class='ocrx_word' id='word_1_148' title='bbox 663 3182 694 3232; x_wconf 95' lang='lat' dir='ltr'>et</span> <span class='ocrx_word' id='word_1_149' title='bbox 709 3170 797 3232; x_wconf 91' lang='lat' dir='ltr'>terris</span> <span class='ocrx_word' id='word_1_150' title='bbox 813 3171 946 3232; x_wconf 83' lang='lat' dir='ltr'>abscidit</span> <span class='ocrx_word' id='word_1_151' title='bbox 961 3170 1061 3232; x_wconf 90' lang='lat' dir='ltr'>undas</span> 
     </span>
     <span class='ocr_line' id='line_1_26' title="bbox 854 3284 868 3332; baseline 0 0"><span class='ocrx_word' id='word_1_152' title='bbox 854 3284 868 3332; x_wconf 93' lang='lat'>7</span> 
     </span>
    </p>
   </div>
   <div class='ocr_carea' id='block_1_7' title="bbox 0 0 1474 3552">
    <p class='ocr_par' dir='ltr' id='par_1_20' title="bbox 0 0 1474 3552">
     <span class='ocr_line' id='line_1_27' title="bbox 0 0 1474 3552; baseline 0 0"><span class='ocrx_word' id='word_1_153' title='bbox 0 0 1474 3552; x_wconf 95' lang='lat' dir='ltr'> </span> 
     </span>
    </p>
   </div>
  </div>
 </body>
</html>
