2940 3552
687 103 917 156 DEUCALioN.
1273 100 1305 154 19

306 271 388 333 unda
403 272 487 332 vehit
502 272 603 350 tigres.
650 274 718 334 Nec
733 272 813 333 vires
829 271 966 332 fulminis
982 291 1066 349 apro,
1256 282 1304 335 305

306 392 394 433 crura
409 365 466 432 nec
482 371 586 433 ablato
602 383 733 451 prosunt
748 373 864 434 velocia
879 390 980 433 cervo.

307 472 526 550 Quaesitisque
541 471 594 533 diu
610 473 707 544 terris,
725 473 776 534 ubi
794 473 903 533 sistere
919 473 1018 545 detur,

307 574 337 634 in
354 593 437 634 mare
451 573 576 634 lassatis
592 573 724 635 volucris
740 592 821 652 vaga
837 573 952 635 decidit
968 573 1034 634 alis.

307 675 460 736 Obruerat
475 675 609 736 tumulos
626 673 777 734 immensa
792 674 918 734 licentia
933 674 1029 752 ponti,

307 776 533 853 pulsabantque
549 776 620 837 novi
637 784 782 836 montana
797 775 959 859 cacumina
973 774 1094 836 fluctus.
1257 783 1306 838 3¹0

309 875 445 936 Maxima
461 895 532 955 pars
548 877 631 938 unda
647 875 781 955 rapitur;
805 875 918 953 quibus
934 876 1018 936 unda
1035 875 1180 954 pepercit,

308 978 377 1038 illos
393 978 485 1056 longa
499 979 627 1038 domant
642 977 726 1056 inopi
743 977 857 1038 ieiunia
872 976 964 1038 victu.
979 1018 981 1022 -

351 1079 479 1157 Separat
497 1079 614 1138 Aonios
630 1077 756 1140 Oetaeis
774 1076 886 1138 Phocis
902 1078 942 1138 ab
958 1077 1048 1151 arvis,
1157 1083 1244 1178 ξπ
1280 1150 1284 1164 ⁸
1316 1113 1353 1162 4,

297 1299 380 1358 pars
396 1279 487 1340 maris
503 1289 534 1340 et
549 1281 629 1341 latus
645 1281 817 1341 subitarum
833 1298 960 1358 campus
977 1298 1134 1358 aquarum.
1259 1291 1308 1346 3¹5

310 1380 404 1440 Mons
421 1381 462 1440 ibi
479 1380 645 1442 verticibus
661 1381 738 1460 petit
753 1356 867 1442 arduirs
883 1391 965 1442 astra
980 1381 1112 1455 duobuS,

310 1481 434 1542 nornine
452 1485 616 1556 Parnasus,
632 1493 842 1562 superantque
858 1481 1020 1544 cacumina
1035 1482 1143 1543 nubes.

312 1582 374 1642 Hic
389 1582 442 1644 ubi
459 1584 640 1657 Deucalion,
658 1603 729 1645 narn
745 1594 848 1645 cetera
863 1594 980 1644 texerat
996 1602 1120 1660 aequor,

310 1703 378 1743 cum
394 1693 536 1745 consorte
552 1685 610 1745 tori
627 1704 721 1762 parva
736 1695 802 1746 rate
817 1693 925 1746 vectus
941 1684 1090 1758 adhaesit,

311 1783 481 1863 Corycidas
496 1785 649 1865 nymphas
665 1796 695 1846 et
711 1785 837 1845 numina
853 1786 967 1846 montis
983 1787 1114 1846 adorant
1262 1799 1310 1852 3²0

310 1885 530 1962 fatidicamque
546 1886 688 1960 Themin,
705 1905 784 1965 quae
800 1897 875 1948 tunc
890 1888 993 1948 oracla
1009 1888 1144 1948 tenebat.

312 1988 381 2047 Non
398 1986 450 2046 illo
466 1987 572 2046 melior
589 1988 753 2065 quisquam
768 2007 826 2050 nec
842 1988 993 2049 amantior
1009 1988 1100 2065 aequi

311 2087 355 2145 vir
370 2087 436 2159 tuit,
453 2098 505 2148 aut
522 2087 574 2148 illa
590 2087 775 2150 metuentior
790 2089 852 2150 ulla
867 2089 1003 2149 deorum.

353 2186 491 2265 luppiter
506 2198 539 2247 ut
555 2187 680 2266 liquidis
696 2200 839 2267 stagnare
855 2189 1021 2267 paludibus
1035 2189 1150 2261 orbem,

312 2297 341 2347 et
357 2305 520 2364 superesse
537 2286 633 2347 virum
649 2289 688 2349 de
704 2299 750 2349 tot
768 2289 860 2349 modo
880 2289 1003 2349 milibus
1020 2308 1122 2361 unum,
1261 2301 1309 2355 ³²5

311 2400 342 2449 et
357 2409 520 2467 superesse
537 2391 619 2452 videt
635 2392 674 2452 de
691 2402 736 2453 tot
752 2392 845 2452 modo
860 2386 985 2453 milibus
1001 2411 1103 2466 unam,

311 2490 460 2551 innocuos
476 2492 593 2565 ambos,
611 2492 746 2554 cultores
763 2492 897 2552 numinis
912 2493 1030 2567 ambos,

313 2591 419 2651 nubila
433 2590 563 2663 disiecit,
582 2591 757 2670 nimbisque
773 2593 918 2670 aquilone
934 2595 1059 2655 remotis

311 2701 341 2752 et
356 2691 443 2752 caelo
458 2702 555 2752 terras
571 2693 708 2753 ostendit
724 2702 755 2754 et
771 2694 895 2754 aethera
911 2694 1008 2755 terris.

314 2793 380 2852 Nec
396 2792 488 2852 maris
504 2791 548 2851 ira
564 2803 677 2865 manet,
695 2793 858 2871 positoque
874 2792 1043 2873 tricuspide
1058 2795 1120 2855 telo
1261 2807 1310 2860 330

314 2891 425 2954 mulcet
441 2911 537 2970 aquas
553 2903 653 2955 rector
669 2892 779 2972 pelagi,
797 2912 952 2971 supraque
969 2895 1168 2981 profundum

312 3002 481 3054 exstantem
498 3003 590 3070 atque
607 2987 982 3060 umeros.innato·=,murice
998 3005 1113 3056 tectum
1172 2997 1185 3007 ”

311 3093 486 3154 caeruleum
502 3092 631 3154 Tritona
647 3104 745 3165 uocat,
761 3093 961 3170 conchaeque
977 3093 1100 3154 sonanti

312 3192 461 3270 inspirare
478 3193 562 3253 iubet
578 3194 750 3269 fluctusque
766 3203 797 3250 et
813 3192 938 3251 flumina
953 3192 1041 3269 signo

972 1047 1357 1074 v--a--W-
1371 1067 1374 1072 ,
