2940 3552
87 102 103 154 2
345 171 346 174 Ἴ
379 100 562 150 TRISTIUM
589 100 634 148 lv.
658 111 684 148 x.
703 108 779 151 ts-ra

89 280 120 330 at
135 269 209 330 mihi
225 269 284 329 iam
301 287 397 345 puero
411 268 558 328 caelestia
574 287 661 328 sacra
676 268 850 346 placebant,

129 371 221 446 inque
238 388 326 428 suurn
344 368 448 428 furtim
465 369 557 428 Musa
573 369 714 429 trahebat
729 388 816 446 opus.

89 473 187 548 Saepe
202 480 290 546 pater
306 468 391 541 dixit,
410 468 570 528 ‘Studium
587 469 662 545 quid
679 469 785 528 inutile
803 473 954 546 temptas?

130 569 314 630 Maeonides
330 569 430 629 nullas
447 569 512 646 ipse
528 568 650 645 reliqlrit
665 571 760 645 opes!

89 673 194 731 Motus
208 689 290 731 eram
305 669 406 743 dictis,
424 679 551 747 totoque
569 668 722 730 Helicone
738 669 844 728 relicto

129 771 262 832 scribere
278 770 468 847 temptabam
486 770 578 829 verba
595 770 695 829 soluta
710 769 818 829 modis.

88 872 204 949 Sponte
220 890 276 930 sua
291 889 415 931 carmen
432 888 575 930 numeros
592 869 734 930 veniebat
750 870 789 928 ad
805 879 902 946 aptos,

128 981 160 1030 et
175 971 259 1047 quod
274 971 462 1048 temptabam
480 968 622 1042 scribere,
639 988 746 1029 versus
761 979 835 1030 erat.

88 1071 210 1130 Interea
226 1070 321 1130 tacito
336 1089 431 1148 passu
447 1070 623 1130 labentibus
639 1070 728 1130 annis

128 1168 252 1229 liberior
266 1169 351 1229 fratri
367 1180 489 1246 sumpta
508 1155 643 1247 mihique
660 1180 731 1248 toga
746 1181 802 1242 est,

86 1269 283 1345 induiturque
299 1269 412 1328 umeris
426 1287 496 1329 cum
514 1271 577 1328 lato
592 1287 726 1345 purpura
741 1270 836 1342 clavo,

127 1378 158 1427 et
174 1369 307 1428 studium
324 1368 414 1429 nobis
430 1367 512 1446 quod
528 1368 587 1426 tuit
602 1378 683 1439 ante,
700 1379 813 1427 manet.

89 1471 214 1546 lamque
230 1470 337 1529 decern
352 1469 434 1531 vitae
448 1471 542 1530 frater
559 1469 767 1546 geminaverat
782 1488 889 1541 annos,

128 1588 197 1628 cum
212 1569 300 1646 perit,
318 1581 349 1630 et
365 1570 453 1647 coepi
468 1580 556 1647 parte
571 1588 674 1630 carere
690 1570 758 1629 mei.

88 1669 235 1745 Cepimus
251 1679 281 1729 et
296 1679 419 1730 tenerae
437 1671 551 1747 primos
568 1670 677 1730 aetatis
692 1671 834 1742 honores,

128 1787 207 1845 eque
223 1769 295 1828 viris
310 1771 466 1846 quondam
482 1789 553 1847 pars
569 1769 667 1829 tribus
682 1789 743 1829 una
759 1771 811 1830 lui.

88 1868 182 1927 Curia
197 1869 341 1930 restabat.
387 1870 473 1930 Clavi
490 1887 632 1929 mensura
647 1879 755 1928 coacta
770 1879 836 1942 est;

129 1968 227 2027 maius
243 1979 308 2029 erat
324 1969 437 2029 nostris
451 1969 566 2028 viribus
582 1968 657 2028 illud
672 1987 759 2028 onus.

89 2069 155 2126 Nec
171 2068 292 2146 patiens
307 2088 429 2146 corpus,
448 2089 505 2129 nec
520 2088 607 2128 mens
623 2069 680 2128 luit
696 2079 768 2146 apta
784 2067 890 2138 labori,

129 2167 339 2248 sollicitaeque
355 2170 449 2249 fugax
465 2169 642 2230 ambitionis
657 2187 748 2229 eram.

90 2270 127 2327 Et
143 2279 247 2344 petere
263 2270 382 2331 Aoniae
398 2271 569 2332 suadebant
585 2280 650 2330 tuta
666 2288 786 2330 sorores

128 2369 200 2442 otia,
217 2369 330 2430 iudicio
346 2390 466 2449 semper
482 2380 583 2431 amata
598 2389 675 2430 meo.

87 2469 249 2548 Temporis
264 2470 345 2531 illius
360 2472 440 2531 colui
456 2471 580 2548 fovique
597 2479 711 2546 poetas,

129 2581 265 2648 quotque
282 2571 409 2632 aderant
425 2583 520 2643 vates,
536 2571 625 2631 rebar
640 2570 750 2631 adesse
766 2571 849 2631 deos.

90 2672 189 2749 Saepe
205 2690 277 2732 suas
293 2672 433 2732 volucres
448 2672 522 2751 legit
538 2671 611 2731 mihi
627 2671 771 2750 grandior
786 2691 871 2743 aevo

131 2790 271 2850 quaeque
289 2783 379 2834 nocet
395 2792 532 2852 serpens,
550 2792 629 2851 quae
646 2772 728 2832 iuvat
745 2773 847 2844 herba,
867 2773 981 2832 Macer.

88 2872 188 2950 Saepe
204 2891 277 2932 suos
293 2873 402 2933 solitus
418 2874 546 2935 recitare
563 2873 739 2950 Propertius
756 2873 842 2950 ignes

130 2971 193 3032 iure
205 2972 359 3045 sodalicii,
376 2992 438 3050 quo
453 2973 527 3032 mihi
544 2973 666 3034 iunctus
681 2983 755 3033 erat.

90 3071 237 3132 Ponticus
252 3072 355 3147 heroo,
374 3075 488 3134 Bassus
504 3092 627 3151 quoque
643 3073 743 3134 clarus
759 3071 868 3132 iambis

130 3172 232 3232 dulcia
246 3173 406 3233 convictus
422 3174 559 3233 membra
574 3175 659 3235 fuere
676 3175 744 3234 mei.
