2940 3552
92 123 123 173 16
320 122 685 173 METAMORPHOSEON
707 122 726 170 1.
761 132 866 173 uad-274.

92 293 159 352 Nec
174 300 337 363 contentus
354 310 400 366 eo,
416 291 503 353 missi
519 292 557 352 de
572 301 665 371 gente
682 291 822 352 Molossa

90 391 209 453 obsidis
225 393 316 452 unius
333 393 468 471 iugulum
484 411 630 453 mucrone
645 393 779 465 resolvit,

91 504 182 570 atque
197 492 246 553 ita
256 492 428 554 semineces
443 493 552 572 partim
568 493 758 555 ferventibus
774 504 857 554 artus

91 593 188 654 mollit
204 595 301 672 aquis,
318 593 427 672 partim
443 593 707 655 subiecto'torruit
721 594 793 672 igni.

91 695 179 770 Quos
195 695 284 756 simul
301 695 447 774 imposuit
462 695 587 768 mensis,
604 713 663 774 ego
678 695 799 756 vindice
815 694 937 754 flamma
1041 707 1088 758 ²30

92 800 122 857 in
139 795 298 858 dominum
313 796 486 875 dignosque
501 796 597 858 everti
615 806 695 857 tecta
712 798 853 856 Penates.

91 899 229 958 Territus
244 896 310 975 ipse
325 897 413 977 fugit,
431 907 602 974 nactusque
618 896 741 956 silentia
756 896 832 956 ruris

91 998 236 1071 exululat,
252 998 426 1074 frustraque
442 997 526 1074 loqui
542 1007 680 1058 conatur.
726 997 776 1056 Ab
792 997 860 1074 ipso

92 1083 219 1175 conligit
233 1115 268 1157 os
283 1096 409 1170 rabiem,
427 1096 599 1174 solitaeque
615 1096 760 1174 cupidine
776 1095 880 1156 caedis

92 1196 218 1257 vertitur
232 1195 263 1254 in
280 1198 424 1274 pecudes,
442 1205 473 1255 et
489 1215 570 1257 nunc
586 1213 709 1272 quoque
724 1195 875 1272 sanguine
890 1194 1013 1273 gaudet.
1040 1207 1087 1262 235

93 1299 130 1355 In
146 1295 234 1355 villos
250 1296 366 1355 abeunt
380 1305 490 1368 vestes,
508 1293 538 1354 in
555 1313 644 1355 crura
659 1294 780 1355 lacerti:

93 1396 125 1456 fit
141 1396 231 1474 lupus
247 1405 278 1456 et
292 1394 406 1455 veteris
421 1405 522 1456 servat
538 1394 667 1473 vestigia
682 1395 808 1454 formae.

93 1495 232 1556 Canities
247 1495 355 1556 eadem
371 1505 427 1568 est,
445 1496 553 1555 eadem
569 1494 715 1555 violentia
730 1495 841 1566 vultus,

94 1597 173 1656 idem
189 1595 269 1656 oculi
285 1596 397 1668 lucent,
414 1597 523 1656 eadem
539 1593 669 1655 feritatis
685 1595 795 1673 imago.

94 1695 217 1756 Occidit
232 1715 294 1755 una
309 1696 437 1767 domus;
460 1697 516 1756 sed
535 1715 597 1756 non
614 1698 724 1757 domus
739 1716 801 1755 una
816 1695 913 1774 perire
1041 1710 1089 1757 240

94 1796 188 1873 digna
202 1795 276 1855 fuit:
300 1814 361 1872 qua
377 1806 457 1856 terra
472 1806 566 1874 patet,
582 1797 648 1856 fera
663 1807 771 1875 regnat
787 1796 904 1876 Erinys.

95 1897 130 1954 ln
147 1895 268 1956 facinus
284 1895 402 1956 iurasse
417 1907 516 1973 putes.
562 1897 645 1956 Dent
660 1896 747 1957 ocius
762 1915 871 1956 omnes

94 2015 172 2073 quas
187 2014 324 2056 meruere
339 1995 411 2074 pati,
428 1997 473 2056 sic
489 2006 551 2056 stat
566 1996 729 2070 sententia,
745 1999 882 2074 poenas.’

28 2064 137 2173 ss
137 2099 229 2157 Dicta
244 2095 328 2156 Iovis
343 2115 415 2175 pars
431 2116 506 2158 voce
521 2099 652 2175 probunt
669 2097 871 2176 stimulosque
887 2098 1027 2160 frementi
1042 2129 1052 2156 a·
1067 2160 1073 2176 μ

4 2177 27 2251 ΫῘ
94 2197 239 2270 adiciunt,
257 2195 307 2257 alii
324 2206 426 2274 partes
442 2197 626 2259 adsensibus
643 2198 779 2276 implent.
1042 2213 1088 2264 ²45

5 2293 7 2300 '
37 2299 51 2319 ·’
96 2300 150 2357 Est
165 2307 267 2357 tamen
283 2296 409 2358 humani
424 2298 547 2376 generis
561 2298 678 2359 iactura
693 2297 791 2360 dolori

93 2398 245 2472 omnibus,
261 2407 301 2470 et,
319 2416 398 2475 quae
414 2397 455 2458 sit
470 2409 567 2459 terrae
584 2398 765 2459 mortalibus
780 2400 875 2460 orbae

94 2499 191 2559 forma
206 2498 316 2570 futura,
333 2508 452 2577 rogant,
470 2499 539 2576 quis
555 2498 594 2559 sit
610 2501 727 2559 laturus
742 2499 773 2558 in
790 2519 859 2559 aras

93 2611 169 2673 tura,
185 2598 299 2660 ferisne
314 2608 401 2676 paret
417 2599 612 2677 populandas
624 2601 743 2661 tradere
759 2611 866 2662 terras.

94 2700 183 2760 Talia
198 2709 382 2777 quaerentes
400 2698 473 2780 (sibi
489 2700 571 2759 enirn
587 2701 652 2763 fore
668 2711 770 2763 cetera
786 2703 892 2784 curae)
1017 2717 1019 2722 ’
1042 2715 1090 2770 250

95 2821 146 2862 rex
161 2820 304 2880 superum
320 2800 475 2879 trepidare
490 2811 582 2875 vetat,
599 2802 799 2880 subolemque
816 2802 909 2881 priori
1050 2797 1052 2802 ’

94 2902 272 2962 dissimilem
287 2903 402 2981 populo
417 2902 569 2983 promittit
583 2902 702 2982 origine
716 2904 801 2964 mira.

137 3006 264 3081 Iamque
280 3003 390 3063 eratin
406 3012 489 3063 totas
505 3021 667 3080 sparsurus
681 3005 810 3064 fulmina
826 3015 938 3076 terras;

94 3103 149 3163 sed
165 3102 273 3175 timuit,
291 3121 329 3163 ne
344 3102 424 3162 forte
439 3121 527 3163 sacer
542 3113 589 3162 tot
603 3104 643 3162 ab
658 3104 781 3182 ignibus
798 3106 903 3165 aether

95 3205 269 3281 conciperet
284 3202 422 3262 flammas
438 3202 611 3280 longusque
628 3204 802 3265 ardesceret
818 3206 892 3264 axis.
1043 3219 1089 3272 255
1125 3187 1129 3192 ’
