2940 3552
116 74 148 124 32
344 73 707 123 METAMORPHOSEON
733 73 753 120 1.
789 81 891 121 oso-tto.

116 253 155 317 et,
172 242 312 323 quamvis
327 261 420 321 sopor
434 253 482 303 est
497 242 654 303 oculorum
669 239 755 320 parte
771 251 923 319 receptus,

116 354 202 420 parte
218 353 320 402 tamen
336 343 449 422 vigilat.
496 342 625 417 Quaerit
640 362 764 420 quoque
779 363 820 388 -—*
835 361 969 418 namque
989 352 1110 419 reperta

116 443 218 504 fistula
233 462 331 521 nuper
345 454 411 504 erat
426 463 544 521 —qua
559 444 599 503 sit
614 442 731 504 ratione
746 453 877 520 reperta.

157 545 237 605 Tum
253 545 338 616 deus,
356 544 527 605 ‘Arcadiae
542 543 653 623 gelidis
668 543 698 603 in
715 544 891 615 montibus,’
906 543 1014 620 inquit,

118 646 214 706 ‘inter
229 645 455 725 hamadryadas
469 645 668 706 celeberrima
684 644 879 704 Nonacrinas
1061 643 1110 706 690

117 752 202 806 naias
218 765 279 805 una
294 745 370 819 luit,
394 748 547 826 nymphae
564 745 694 824 Syringa
709 746 872 806 vocabant.

118 849 188 906 Non
204 846 296 906 semel
313 856 344 907 et
358 856 477 926 satyros
493 846 629 906 eluserat
644 845 696 905 illa
711 855 877 924 sequentes

116 956 147 1005 et
162 965 374 1023 quoscumque
388 948 464 1007 deos
480 947 663 1008 umbrosave
678 945 755 1006 silva
769 947 893 1005 feraxve

117 1065 168 1106 rus
182 1047 284 1107 habet.
330 1047 488 1126 Ortygiam
505 1047 615 1107 studiis
632 1046 760 1124 ipsaque
776 1047 897 1105 colebat

117 1146 402 1223 virginitatedeam.
448 1148 522 1207 Ritu
538 1167 660 1225 quoque
675 1146 777 1207 cincta
794 1147 913 1205 Dianae
1060 1145 1109 1210 ⁶95
1144 1207 1147 1212 ,

115 1247 235 1332 falleret
250 1256 281 1307 et
296 1247 379 1306 credi
394 1256 499 1324 posset
515 1245 654 1319 Latonia,
672 1245 698 1306 si
714 1265 776 1305 non

117 1365 247 1406 corneus
262 1346 333 1406 huic
349 1365 447 1418 arcus,
464 1345 489 1404 si
506 1365 568 1405 non
583 1347 662 1405 toret
677 1365 787 1405 aureus
804 1345 855 1404 illi.

118 1447 168 1504 Sic
184 1465 307 1522 quoque
322 1446 457 1524 fallebat.
503 1446 695 1505 Redeuntem
712 1444 790 1504 colle
807 1446 929 1522 Lycaeo

120 1548 180 1602 l’an
198 1545 281 1604 videt
297 1544 385 1616 hanc,
403 1545 539 1620 pinuque
555 1554 647 1620 caput
663 1544 857 1620 praecinctus
874 1556 963 1602 acuta

117 1645 190 1702 talia
205 1645 298 1703 verba
314 1645 405 1703 refert
418 1644 425 1670 '
440 1681 481 1688 -
497 1645 633 1704 restabat
648 1645 742 1704 verba
757 1645 878 1716 reterre,
963 1663 1033 1727 ρ
1062 1658 1110 1704 700

116 1755 147 1803 et
163 1744 306 1820 precibus
321 1744 433 1821 spretis
448 1743 565 1822 fugisse
581 1763 635 1821 per
650 1744 724 1802 avia·
734 1745 909 1822 nympham,

117 1844 216 1903 donec
231 1843 375 1903 harenosi
390 1844 545 1921 placidum
562 1843 699 1903 Ladonis
715 1845 754 1902 ad
771 1864 890 1902 amnem

118 1942 251 2015 venerit;
275 1943 325 2003 hic
341 1943 432 2023 illam,
447 1962 571 2003 cursum
587 1943 826 2020 impedientibus
843 1945 941 2013 undis,

118 2054 150 2102 ut
166 2062 199 2102 se
215 2053 376 2116 mutarent,
394 2043 526 2119 liquidas
542 2063 647 2103 orasse
664 2062 797 2116 sorores,

119 2146 274 2220 Panaque,
291 2163 360 2203 cum
376 2163 518 2221 prensam
535 2143 594 2203 sibi
612 2144 670 2201 iam
689 2144 817 2223 Syringa
833 2155 962 2221 putaret,

117 2263 244 2320 corpore
261 2263 315 2321 pro
331 2245 483 2322 nymphae
498 2244 634 2303 calamos
649 2245 786 2303 tenuisse
803 2245 970 2320 palustres;

118 2345 251 2419 dumque
268 2344 309 2403 ibi
325 2346 467 2422 suspirat,
484 2355 583 2405 motos
600 2344 630 2402 in
647 2345 818 2403 harundine
835 2355 943 2403 ventos

117 2444 258 2504 effecisse
273 2464 383 2504 sonum
399 2455 522 2506 tenuem
538 2445 730 2521 similemque
746 2444 901 2521 querenti;

118 2555 182 2604 arte
198 2563 278 2604 nova
293 2545 439 2622 vocisque
454 2545 545 2604 deum
562 2543 726 2605 dulcedine
742 2556 874 2621 captum,

120 2647 210 2704 ‘Hoc
226 2645 299 2703 mihi
315 2645 478 2706 concilium
494 2647 615 2717 tecum,’
632 2644 755 2717 dixisse,
774 2647 945 2718 ‘manebit,’

118 2757 210 2822 atque
226 2745 268 2805 ita
283 2745 458 2823 disparibus
473 2746 600 2806 calamis
615 2747 796 2824 compagine
812 2766 899 2806 cerae

118 2848 197 2907 inter
212 2865 245 2906 se
261 2846 373 2906 iunctis
390 2865 502 2907 nomen
517 2848 654 2907 tenuisse
670 2847 799 2924 puellae.

161 2947 248 3006 Talia
263 2947 400 3006 dicturus
416 2947 493 3006 vidit
509 2949 667 3026 Cyllenius
683 2967 790 3008 omnes

120 3047 318 3106 succubuisse
334 3048 440 3107 oculos
456 3048 665 3125 adopertaque
681 3048 797 3107 lumina
812 3067 928 3108 somno.

123 3147 288 3223 Supprimit
305 3147 458 3222 extemplo
474 3165 580 3207 vocem
596 3148 757 3224 firmatque
774 3167 913 3224 soporem
