<?xml version="1.0" encoding="UTF-8"?>
<!DOCTYPE html PUBLIC "-//W3C//DTD XHTML 1.0 Transitional//EN"
    "http://www.w3.org/TR/xhtml1/DTD/xhtml1-transitional.dtd">
<html xmlns="http://www.w3.org/1999/xhtml" xml:lang="en" lang="en">
 <head>
  <title>
</title>
<meta http-equiv="Content-Type" content="text/html;charset=utf-8" />
  <meta name='ocr-system' content='tesseract 3.04.00' />
  <meta name='ocr-capabilities' content='ocr_page ocr_carea ocr_par ocr_line ocrx_word'/>
</head>
<body>
  <div class='ocr_page' id='page_1' title='image "./firstandsecondb00ovidgoog/firstandsecondb00ovidgoog_0063.png"; bbox 0 0 2940 3552; ppageno 0'>
   <div class='ocr_carea' id='block_1_1' title="bbox 83 134 850 189">
    <p class='ocr_par' dir='ltr' id='par_1_1' title="bbox 83 134 850 189">
     <span class='ocr_line' id='line_1_1' title="bbox 83 134 850 189; baseline -0.008 0"><span class='ocrx_word' id='word_1_1' title='bbox 83 140 116 189; x_wconf 85' lang='lat'>38</span> <span class='ocrx_word' id='word_1_2' title='bbox 319 135 683 186; x_wconf 84' lang='lat' dir='ltr'>METAMORPHOSEON</span> <span class='ocrx_word' id='word_1_3' title='bbox 703 134 738 184; x_wconf 94' lang='lat'>11.</span> <span class='ocrx_word' id='word_1_4' title='bbox 773 144 850 183; x_wconf 70' lang='lat'><strong>24-83.</strong></span> 
     </span>
    </p>
   </div>
   <div class='ocr_carea' id='block_1_2' title="bbox 85 303 1080 2686">
    <p class='ocr_par' dir='ltr' id='par_1_2' title="bbox 85 303 1080 2686">
     <span class='ocr_line' id='line_1_2' title="bbox 85 303 810 383; baseline -0.004 -19"><span class='ocrx_word' id='word_1_5' title='bbox 85 308 115 365; x_wconf 92' lang='lat' dir='ltr'>in</span> <span class='ocrx_word' id='word_1_6' title='bbox 132 305 210 367; x_wconf 92' lang='lat' dir='ltr'>solio</span> <span class='ocrx_word' id='word_1_7' title='bbox 226 304 371 366; x_wconf 90' lang='lat' dir='ltr'>Phoebus</span> <span class='ocrx_word' id='word_1_8' title='bbox 387 305 477 366; x_wconf 90' lang='lat' dir='ltr'>claris</span> <span class='ocrx_word' id='word_1_9' title='bbox 493 305 616 366; x_wconf 91' lang='lat' dir='ltr'>lucente</span> <span class='ocrx_word' id='word_1_10' title='bbox 630 303 810 383; x_wconf 84' lang='lat' dir='ltr'>smaragdis.</span> 
     </span>
     <span class='ocr_line' id='line_1_3' title="bbox 87 404 1079 483; baseline -0.002 -17"><span class='ocrx_word' id='word_1_11' title='bbox 87 410 114 466; x_wconf 88' lang='grc' dir='ltr'>Α</span> <span class='ocrx_word' id='word_1_12' title='bbox 130 407 237 467; x_wconf 88' lang='lat' dir='ltr'>dextra</span> <span class='ocrx_word' id='word_1_13' title='bbox 252 405 401 483; x_wconf 88' lang='lat' dir='ltr'>laevaque</span> <span class='ocrx_word' id='word_1_14' title='bbox 419 406 495 466; x_wconf 87' lang='lat' dir='ltr'>Dies</span> <span class='ocrx_word' id='word_1_15' title='bbox 509 415 541 466; x_wconf 91' lang='lat' dir='ltr'>et</span> <span class='ocrx_word' id='word_1_16' title='bbox 557 404 678 465; x_wconf 89' lang='lat' dir='ltr'>Mensis</span> <span class='ocrx_word' id='word_1_17' title='bbox 692 413 723 465; x_wconf 91' lang='lat' dir='ltr'>et</span> <span class='ocrx_word' id='word_1_18' title='bbox 738 407 848 463; x_wconf 90' lang='lat' dir='ltr'>Annus</span> <span class='ocrx_word' id='word_1_19' title='bbox 1048 413 1079 464; x_wconf 80' lang='lat'>²5</span> 
     </span>
     <span class='ocr_line' id='line_1_4' title="bbox 88 503 903 584; baseline -0.007 -17"><span class='ocrx_word' id='word_1_20' title='bbox 88 507 278 584; x_wconf 85' lang='lat' dir='ltr'>Saeculaque</span> <span class='ocrx_word' id='word_1_21' title='bbox 294 515 324 567; x_wconf 93' lang='lat' dir='ltr'>et</span> <span class='ocrx_word' id='word_1_22' title='bbox 339 506 460 584; x_wconf 89' lang='lat' dir='ltr'>positae</span> <span class='ocrx_word' id='word_1_23' title='bbox 475 505 583 583; x_wconf 93' lang='lat' dir='ltr'>spatiis</span> <span class='ocrx_word' id='word_1_24' title='bbox 599 503 780 582; x_wconf 90' lang='lat' dir='ltr'>aequalibus</span> <span class='ocrx_word' id='word_1_25' title='bbox 799 505 903 562; x_wconf 86' lang='lat' dir='ltr'>Horae</span> 
     </span>
     <span class='ocr_line' id='line_1_5' title="bbox 88 585 892 685; baseline -0.001 -21"><span class='ocrx_word' id='word_1_26' title='bbox 88 610 212 685; x_wconf 87' lang='lat' dir='ltr'>Verque</span> <span class='ocrx_word' id='word_1_27' title='bbox 227 625 341 666; x_wconf 90' lang='lat' dir='ltr'>novum</span> <span class='ocrx_word' id='word_1_28' title='bbox 357 607 461 667; x_wconf 90' lang='lat' dir='ltr'>stabat</span> <span class='ocrx_word' id='word_1_29' title='bbox 475 585 609 667; x_wconf 77' lang='lat' dir='ltr'>cinctum</span> <span class='ocrx_word' id='word_1_30' title='bbox 625 605 754 665; x_wconf 89' lang='lat' dir='ltr'>florente</span> <span class='ocrx_word' id='word_1_31' title='bbox 770 624 892 676; x_wconf 86' lang='lat' dir='ltr'>corona,</span> 
     </span>
     <span class='ocr_line' id='line_1_6' title="bbox 87 705 831 784; baseline -0.004 -18"><span class='ocrx_word' id='word_1_32' title='bbox 87 708 190 767; x_wconf 88' lang='lat' dir='ltr'>stabat</span> <span class='ocrx_word' id='word_1_33' title='bbox 205 708 289 767; x_wconf 91' lang='lat' dir='ltr'>nuda</span> <span class='ocrx_word' id='word_1_34' title='bbox 303 710 416 768; x_wconf 85' lang='lat' dir='ltr'>Aestas</span> <span class='ocrx_word' id='word_1_35' title='bbox 432 716 463 767; x_wconf 89' lang='lat' dir='ltr'>et</span> <span class='ocrx_word' id='word_1_36' title='bbox 478 706 584 784; x_wconf 88' lang='lat' dir='ltr'>spicea</span> <span class='ocrx_word' id='word_1_37' title='bbox 599 714 682 766; x_wconf 92' lang='lat' dir='ltr'>serta</span> <span class='ocrx_word' id='word_1_38' title='bbox 695 705 831 783; x_wconf 86' lang='lat' dir='ltr'>gerebat,</span> 
     </span>
     <span class='ocr_line' id='line_1_7' title="bbox 88 805 821 878; baseline -0.004 -12"><span class='ocrx_word' id='word_1_39' title='bbox 88 808 190 867; x_wconf 87' lang='lat' dir='ltr'>stabat</span> <span class='ocrx_word' id='word_1_40' title='bbox 205 817 236 867; x_wconf 94' lang='lat' dir='ltr'>et</span> <span class='ocrx_word' id='word_1_41' title='bbox 249 809 426 867; x_wconf 85' lang='lat' dir='ltr'>Autumnus</span> <span class='ocrx_word' id='word_1_42' title='bbox 443 806 570 866; x_wconf 90' lang='lat' dir='ltr'>caleatis</span> <span class='ocrx_word' id='word_1_43' title='bbox 586 806 729 865; x_wconf 93' lang='lat' dir='ltr'>sordidus</span> <span class='ocrx_word' id='word_1_44' title='bbox 745 805 821 878; x_wconf 88' lang='lat' dir='ltr'>uvis,</span> 
     </span>
     <span class='ocr_line' id='line_1_8' title="bbox 88 904 798 983; baseline 0 -19"><span class='ocrx_word' id='word_1_45' title='bbox 88 918 118 965; x_wconf 92' lang='lat' dir='ltr'>et</span> <span class='ocrx_word' id='word_1_46' title='bbox 133 905 272 983; x_wconf 92' lang='lat' dir='ltr'>glacialis</span> <span class='ocrx_word' id='word_1_47' title='bbox 289 905 400 966; x_wconf 89' lang='lat' dir='ltr'>Hiems</span> <span class='ocrx_word' id='word_1_48' title='bbox 416 925 511 966; x_wconf 92' lang='lat' dir='ltr'>canos</span> <span class='ocrx_word' id='word_1_49' title='bbox 527 906 646 965; x_wconf 90' lang='lat' dir='ltr'>hirsuta</span> <span class='ocrx_word' id='word_1_50' title='bbox 661 904 798 983; x_wconf 90' lang='lat' dir='ltr'>capillos.</span> 
     </span>
     <span class='ocr_line' id='line_1_9' title="bbox 131 1004 874 1082; baseline -0.003 -18"><span class='ocrx_word' id='word_1_51' title='bbox 131 1006 209 1066; x_wconf 93' lang='lat' dir='ltr'>Inde</span> <span class='ocrx_word' id='word_1_52' title='bbox 224 1006 294 1066; x_wconf 92' lang='lat' dir='ltr'>loco</span> <span class='ocrx_word' id='word_1_53' title='bbox 309 1005 430 1066; x_wconf 91' lang='lat' dir='ltr'>medius</span> <span class='ocrx_word' id='word_1_54' title='bbox 445 1024 545 1065; x_wconf 89' lang='lat' dir='ltr'>rerum</span> <span class='ocrx_word' id='word_1_55' title='bbox 560 1004 696 1065; x_wconf 88' lang='lat' dir='ltr'>novitate</span> <span class='ocrx_word' id='word_1_56' title='bbox 711 1015 874 1082; x_wconf 89' lang='lat' dir='ltr'>paventem</span> 
     </span>
     <span class='ocr_line' id='line_1_10' title="bbox 90 1103 905 1183; baseline -0.002 -18"><span class='ocrx_word' id='word_1_57' title='bbox 90 1105 140 1165; x_wconf 91' lang='lat' dir='ltr'>Sol</span> <span class='ocrx_word' id='word_1_58' title='bbox 156 1105 253 1165; x_wconf 90' lang='lat' dir='ltr'>oculis</span> <span class='ocrx_word' id='word_1_59' title='bbox 268 1106 420 1179; x_wconf 91' lang='lat' dir='ltr'>iuvenem,</span> <span class='ocrx_word' id='word_1_60' title='bbox 437 1105 550 1183; x_wconf 90' lang='lat' dir='ltr'>quibus</span> <span class='ocrx_word' id='word_1_61' title='bbox 566 1103 677 1182; x_wconf 90' lang='lat' dir='ltr'>aspicit</span> <span class='ocrx_word' id='word_1_62' title='bbox 692 1104 804 1178; x_wconf 92' lang='lat' dir='ltr'>omnia,</span> <span class='ocrx_word' id='word_1_63' title='bbox 821 1104 905 1176; x_wconf 91' lang='lat' dir='ltr'>vidit,</span> 
     </span>
     <span class='ocr_line' id='line_1_11' title="bbox 90 1203 1077 1284; baseline -0.004 -19"><span class='ocrx_word' id='word_1_64' title='bbox 90 1207 194 1281; x_wconf 89' lang='lat' dir='ltr'>‘Quae</span> <span class='ocrx_word' id='word_1_65' title='bbox 205 1207 215 1237; x_wconf 42' lang='lat'>’¹</span> <span class='ocrx_word' id='word_1_66' title='bbox 225 1226 285 1284; x_wconf 91' lang='lat' dir='ltr'>que</span> <span class='ocrx_word' id='word_1_67' title='bbox 297 1206 382 1267; x_wconf 85' lang='lat' dir='ltr'>‘viae</span> <span class='ocrx_word' id='word_1_68' title='bbox 394 1205 450 1266; x_wconf 90' lang='lat' dir='ltr'>tibi</span> <span class='ocrx_word' id='word_1_69' title='bbox 466 1209 581 1266; x_wconf 88' lang='lat' dir='ltr'>causa?</span> <span class='ocrx_word' id='word_1_70' title='bbox 620 1205 703 1280; x_wconf 92' lang='lat' dir='ltr'>Quid</span> <span class='ocrx_word' id='word_1_71' title='bbox 715 1206 793 1278; x_wconf 90' lang='lat' dir='ltr'>hac,&#39;</span> <span class='ocrx_word' id='word_1_72' title='bbox 806 1204 848 1265; x_wconf 90' lang='lat' dir='ltr'>ait</span> <span class='ocrx_word' id='word_1_73' title='bbox 865 1213 952 1263; x_wconf 88' lang='lat' dir='ltr'>‘arce</span> <span class='ocrx_word' id='word_1_74' title='bbox 965 1203 1077 1280; x_wconf 87' lang='lat' dir='ltr'>petisti,</span> 
     </span>
     <span class='ocr_line' id='line_1_12' title="bbox 89 1305 899 1384; baseline 0.001 -19"><span class='ocrx_word' id='word_1_75' title='bbox 89 1305 260 1383; x_wconf 79' lang='lat' dir='ltr'>progenieS,</span> <span class='ocrx_word' id='word_1_76' title='bbox 277 1306 447 1378; x_wconf 74' lang='lat' dir='ltr'>Phaethon,</span> <span class='ocrx_word' id='word_1_77' title='bbox 465 1307 548 1366; x_wconf 88' lang='lat' dir='ltr'>haud</span> <span class='ocrx_word' id='word_1_78' title='bbox 563 1306 724 1366; x_wconf 87' lang='lat' dir='ltr'>infitianda</span> <span class='ocrx_word' id='word_1_79' title='bbox 738 1306 858 1384; x_wconf 87' lang='lat' dir='ltr'>parenti</span> <span class='ocrx_word' id='word_1_80' title='bbox 871 1307 899 1366; x_wconf 89' lang='lat'>?’</span> 
     </span>
     <span class='ocr_line' id='line_1_13' title="bbox 131 1403 1079 1484; baseline 0.006 -20"><span class='ocrx_word' id='word_1_81' title='bbox 131 1406 186 1465; x_wconf 91' lang='lat' dir='ltr'>lile</span> <span class='ocrx_word' id='word_1_82' title='bbox 200 1407 312 1467; x_wconf 78' lang='lat' dir='ltr'>refert:</span> <span class='ocrx_word' id='word_1_83' title='bbox 337 1407 382 1466; x_wconf 86' lang='lat'>‘0</span> <span class='ocrx_word' id='word_1_84' title='bbox 399 1407 450 1465; x_wconf 88' lang='lat' dir='ltr'>lux</span> <span class='ocrx_word' id='word_1_85' title='bbox 465 1406 606 1467; x_wconf 89' lang='lat' dir='ltr'>immensi</span> <span class='ocrx_word' id='word_1_86' title='bbox 621 1403 744 1484; x_wconf 88' lang='lat' dir='ltr'>publica</span> <span class='ocrx_word' id='word_1_87' title='bbox 760 1407 875 1477; x_wconf 92' lang='lat' dir='ltr'>mundi,</span> <span class='ocrx_word' id='word_1_88' title='bbox 1048 1417 1079 1470; x_wconf 82' lang='lat'>3⁵</span> 
     </span>
     <span class='ocr_line' id='line_1_14' title="bbox 91 1506 899 1585; baseline 0.002 -21"><span class='ocrx_word' id='word_1_89' title='bbox 91 1507 215 1567; x_wconf 91' lang='lat' dir='ltr'>Phoebe</span> <span class='ocrx_word' id='word_1_90' title='bbox 230 1517 325 1585; x_wconf 92' lang='lat' dir='ltr'>pater,</span> <span class='ocrx_word' id='word_1_91' title='bbox 342 1506 367 1566; x_wconf 90' lang='lat' dir='ltr'>si</span> <span class='ocrx_word' id='word_1_92' title='bbox 384 1507 440 1566; x_wconf 90' lang='lat' dir='ltr'>das</span> <span class='ocrx_word' id='word_1_93' title='bbox 456 1507 546 1566; x_wconf 92' lang='lat' dir='ltr'>huius</span> <span class='ocrx_word' id='word_1_94' title='bbox 562 1506 636 1565; x_wconf 90' lang='lat' dir='ltr'>mihi</span> <span class='ocrx_word' id='word_1_95' title='bbox 652 1506 785 1566; x_wconf 93' lang='lat' dir='ltr'>nominis</span> <span class='ocrx_word' id='word_1_96' title='bbox 801 1526 899 1578; x_wconf 90' lang='lat' dir='ltr'>usum,</span> 
     </span>
     <span class='ocr_line' id='line_1_15' title="bbox 89 1606 868 1686; baseline 0.003 -22"><span class='ocrx_word' id='word_1_97' title='bbox 89 1625 147 1666; x_wconf 90' lang='lat' dir='ltr'>nec</span> <span class='ocrx_word' id='word_1_98' title='bbox 161 1606 241 1666; x_wconf 81' lang='lat' dir='ltr'>laisa</span> <span class='ocrx_word' id='word_1_99' title='bbox 257 1607 405 1686; x_wconf 90' lang='lat' dir='ltr'>Clymene</span> <span class='ocrx_word' id='word_1_100' title='bbox 420 1607 542 1684; x_wconf 90' lang='lat' dir='ltr'>culpam</span> <span class='ocrx_word' id='word_1_101' title='bbox 558 1608 616 1667; x_wconf 92' lang='lat' dir='ltr'>sub</span> <span class='ocrx_word' id='word_1_102' title='bbox 633 1606 765 1685; x_wconf 89' lang='lat' dir='ltr'>imagine</span> <span class='ocrx_word' id='word_1_103' title='bbox 781 1607 868 1679; x_wconf 89' lang='lat' dir='ltr'>celat,</span> 
     </span>
     <span class='ocr_line' id='line_1_16' title="bbox 90 1707 898 1786; baseline 0.004 -22"><span class='ocrx_word' id='word_1_104' title='bbox 90 1707 215 1784; x_wconf 89' lang='lat' dir='ltr'>pignera</span> <span class='ocrx_word' id='word_1_105' title='bbox 231 1707 280 1780; x_wconf 94' lang='lat' dir='ltr'>da,</span> <span class='ocrx_word' id='word_1_106' title='bbox 296 1708 425 1784; x_wconf 86' lang='lat' dir='ltr'>genitor,</span> <span class='ocrx_word' id='word_1_107' title='bbox 443 1728 497 1785; x_wconf 92' lang='lat' dir='ltr'>per</span> <span class='ocrx_word' id='word_1_108' title='bbox 512 1728 591 1784; x_wconf 87' lang='lat' dir='ltr'>quae</span> <span class='ocrx_word' id='word_1_109' title='bbox 607 1721 659 1768; x_wconf 91' lang='lat' dir='ltr'>tua</span> <span class='ocrx_word' id='word_1_110' title='bbox 674 1727 746 1768; x_wconf 91' lang='lat' dir='ltr'>vera</span> <span class='ocrx_word' id='word_1_111' title='bbox 761 1727 898 1786; x_wconf 84' lang='lat' dir='ltr'>propago</span> 
     </span>
     <span class='ocr_line' id='line_1_17' title="bbox 89 1807 913 1882; baseline 0.001 -16"><span class='ocrx_word' id='word_1_112' title='bbox 89 1807 205 1882; x_wconf 90' lang='lat' dir='ltr'>credar,</span> <span class='ocrx_word' id='word_1_113' title='bbox 222 1817 253 1868; x_wconf 95' lang='lat' dir='ltr'>et</span> <span class='ocrx_word' id='word_1_114' title='bbox 267 1809 350 1868; x_wconf 89' lang='lat' dir='ltr'>hunc</span> <span class='ocrx_word' id='word_1_115' title='bbox 364 1808 475 1870; x_wconf 87' lang='lat' dir='ltr'>animis</span> <span class='ocrx_word' id='word_1_116' title='bbox 490 1828 622 1868; x_wconf 90' lang='lat' dir='ltr'>errorem</span> <span class='ocrx_word' id='word_1_117' title='bbox 638 1810 765 1869; x_wconf 89' lang='lat' dir='ltr'>detrahe</span> <span class='ocrx_word' id='word_1_118' title='bbox 781 1809 913 1868; x_wconf 90' lang='lat' dir='ltr'>nostris.’</span> 
     </span>
     <span class='ocr_line' id='line_1_18' title="bbox 133 1907 1080 1987; baseline 0.001 -21"><span class='ocrx_word' id='word_1_119' title='bbox 133 1907 267 1969; x_wconf 88' lang='lat' dir='ltr'>Dixerat.</span> <span class='ocrx_word' id='word_1_120' title='bbox 312 1913 353 1969; x_wconf 89' lang='lat' dir='ltr'>At</span> <span class='ocrx_word' id='word_1_121' title='bbox 367 1909 487 1986; x_wconf 85' lang='lat' dir='ltr'>genitor</span> <span class='ocrx_word' id='word_1_122' title='bbox 502 1911 616 1969; x_wconf 91' lang='lat' dir='ltr'>circum</span> <span class='ocrx_word' id='word_1_123' title='bbox 632 1919 723 1987; x_wconf 90' lang='lat' dir='ltr'>eaput</span> <span class='ocrx_word' id='word_1_124' title='bbox 739 1928 829 1969; x_wconf 92' lang='lat' dir='ltr'>omne</span> <span class='ocrx_word' id='word_1_125' title='bbox 845 1909 992 1968; x_wconf 87' lang='lat' dir='ltr'>micantes</span> <span class='ocrx_word' id='word_1_126' title='bbox 1048 1921 1080 1967; x_wconf 84' lang='lat'>40</span> 
     </span>
     <span class='ocr_line' id='line_1_19' title="bbox 90 2008 844 2088; baseline 0.001 -21"><span class='ocrx_word' id='word_1_127' title='bbox 90 2008 233 2084; x_wconf 87' lang='lat' dir='ltr'>deposuit</span> <span class='ocrx_word' id='word_1_128' title='bbox 249 2009 362 2082; x_wconf 86' lang='lat' dir='ltr'>radios,</span> <span class='ocrx_word' id='word_1_129' title='bbox 379 2010 567 2088; x_wconf 90' lang='lat' dir='ltr'>propiusque</span> <span class='ocrx_word' id='word_1_130' title='bbox 584 2010 732 2070; x_wconf 88' lang='lat' dir='ltr'>accedere</span> <span class='ocrx_word' id='word_1_131' title='bbox 747 2009 844 2082; x_wconf 91' lang='lat' dir='ltr'>iussit,</span> 
     </span>
     <span class='ocr_line' id='line_1_20' title="bbox 91 2093 849 2188; baseline 0.003 -23"><span class='ocrx_word' id='word_1_132' title='bbox 91 2108 293 2185; x_wconf 88' lang='lat' dir='ltr'>amplexuque</span> <span class='ocrx_word' id='word_1_133' title='bbox 310 2109 391 2181; x_wconf 94' lang='lat' dir='ltr'>dato,</span> <span class='ocrx_word' id='word_1_134' title='bbox 408 2111 493 2170; x_wconf 89' lang='lat' dir='ltr'>‘Nec</span> <span class='ocrx_word' id='word_1_135' title='bbox 509 2120 542 2169; x_wconf 92' lang='lat' dir='ltr'>tu</span> <span class='ocrx_word' id='word_1_136' title='bbox 558 2093 644 2170; x_wconf 77' lang='lat' dir='ltr'>meus</span> <span class='ocrx_word' id='word_1_137' title='bbox 660 2129 730 2170; x_wconf 91' lang='lat' dir='ltr'>esse</span> <span class='ocrx_word' id='word_1_138' title='bbox 745 2109 849 2188; x_wconf 85' lang='lat' dir='ltr'>negari</span> 
     </span>
     <span class='ocr_line' id='line_1_21' title="bbox 91 2208 905 2289; baseline 0.001 -22"><span class='ocrx_word' id='word_1_139' title='bbox 91 2208 202 2286; x_wconf 90' lang='lat' dir='ltr'>dignus</span> <span class='ocrx_word' id='word_1_140' title='bbox 217 2227 261 2281; x_wconf 91' lang='lat' dir='ltr'>es,</span> <span class='ocrx_word' id='word_1_141' title='bbox 277 2218 309 2269; x_wconf 91' lang='lat' dir='ltr'>et</span> <span class='ocrx_word' id='word_1_142' title='bbox 325 2210 473 2289; x_wconf 91' lang='lat' dir='ltr'>Clymene</span> <span class='ocrx_word' id='word_1_143' title='bbox 488 2212 597 2283; x_wconf 89' lang='lat' dir='ltr'>veros,’</span> <span class='ocrx_word' id='word_1_144' title='bbox 613 2211 664 2282; x_wconf 89' lang='lat' dir='ltr'>ait,</span> <span class='ocrx_word' id='word_1_145' title='bbox 683 2211 797 2270; x_wconf 88' lang='lat' dir='ltr'>‘edidit</span> <span class='ocrx_word' id='word_1_146' title='bbox 813 2221 905 2269; x_wconf 86' lang='lat' dir='ltr'>ortus.</span> 
     </span>
     <span class='ocr_line' id='line_1_22' title="bbox 92 2309 997 2388; baseline 0.001 -20"><span class='ocrx_word' id='word_1_147' title='bbox 92 2309 223 2386; x_wconf 88' lang='lat' dir='ltr'>Quoque</span> <span class='ocrx_word' id='word_1_148' title='bbox 239 2309 340 2370; x_wconf 93' lang='lat' dir='ltr'>minus</span> <span class='ocrx_word' id='word_1_149' title='bbox 355 2310 489 2384; x_wconf 87' lang='lat' dir='ltr'>dubites,</span> <span class='ocrx_word' id='word_1_150' title='bbox 506 2311 636 2387; x_wconf 92' lang='lat' dir='ltr'>quodvis</span> <span class='ocrx_word' id='word_1_151' title='bbox 652 2321 723 2388; x_wconf 92' lang='lat' dir='ltr'>pete</span> <span class='ocrx_word' id='word_1_152' title='bbox 739 2329 859 2383; x_wconf 91' lang='lat' dir='ltr'>munus,</span> <span class='ocrx_word' id='word_1_153' title='bbox 875 2321 908 2369; x_wconf 90' lang='lat' dir='ltr'>ut</span> <span class='ocrx_word' id='word_1_154' title='bbox 924 2310 997 2369; x_wconf 92' lang='lat' dir='ltr'>illud</span> 
     </span>
     <span class='ocr_line' id='line_1_23' title="bbox 91 2408 1080 2474; baseline 0.01 -10"><span class='ocrx_word' id='word_1_155' title='bbox 91 2427 138 2466; x_wconf 91' lang='lat' dir='ltr'>me</span> <span class='ocrx_word' id='word_1_156' title='bbox 154 2408 309 2469; x_wconf 92' lang='lat' dir='ltr'>tribuente</span> <span class='ocrx_word' id='word_1_157' title='bbox 324 2411 415 2470; x_wconf 84' lang='lat' dir='ltr'>ieras.</span> <span class='ocrx_word' id='word_1_158' title='bbox 461 2410 624 2469; x_wconf 90' lang='lat' dir='ltr'>Promissis</span> <span class='ocrx_word' id='word_1_159' title='bbox 640 2411 727 2470; x_wconf 87' lang='lat' dir='ltr'>testis</span> <span class='ocrx_word' id='word_1_160' title='bbox 743 2411 852 2470; x_wconf 90' lang='lat' dir='ltr'>adesto</span> <span class='ocrx_word' id='word_1_161' title='bbox 1049 2421 1080 2474; x_wconf 81' lang='grc'>45</span> 
     </span>
     <span class='ocr_line' id='line_1_24' title="bbox 91 2508 832 2588; baseline 0.005 -23"><span class='ocrx_word' id='word_1_162' title='bbox 91 2508 138 2566; x_wconf 90' lang='lat' dir='ltr'>dis</span> <span class='ocrx_word' id='word_1_163' title='bbox 155 2509 283 2568; x_wconf 90' lang='lat' dir='ltr'>iuranda</span> <span class='ocrx_word' id='word_1_164' title='bbox 298 2510 395 2586; x_wconf 91' lang='lat' dir='ltr'>palus,</span> <span class='ocrx_word' id='word_1_165' title='bbox 413 2510 510 2570; x_wconf 91' lang='lat' dir='ltr'>oculis</span> <span class='ocrx_word' id='word_1_166' title='bbox 526 2510 683 2588; x_wconf 88' lang='lat' dir='ltr'>incognita</span> <span class='ocrx_word' id='word_1_167' title='bbox 698 2510 832 2570; x_wconf 65' lang='lat' dir='ltr'>nostris!</span> 
     </span>
     <span class='ocr_line' id='line_1_25' title="bbox 133 2607 894 2686; baseline 0.008 -22"><span class='ocrx_word' id='word_1_168' title='bbox 133 2607 192 2666; x_wconf 83' lang='lat' dir='ltr'>Vix</span> <span class='ocrx_word' id='word_1_169' title='bbox 206 2607 287 2669; x_wconf 91' lang='lat' dir='ltr'>bene</span> <span class='ocrx_word' id='word_1_170' title='bbox 303 2609 444 2682; x_wconf 84' lang='lat' dir='ltr'>desierat,</span> <span class='ocrx_word' id='word_1_171' title='bbox 460 2628 566 2669; x_wconf 86' lang='lat' dir='ltr'>currus</span> <span class='ocrx_word' id='word_1_172' title='bbox 581 2619 668 2686; x_wconf 87' lang='lat' dir='ltr'>rogat</span> <span class='ocrx_word' id='word_1_173' title='bbox 684 2609 734 2668; x_wconf 94' lang='lat' dir='ltr'>ille</span> <span class='ocrx_word' id='word_1_174' title='bbox 749 2619 894 2686; x_wconf 89' lang='lat' dir='ltr'>paternos</span> 
     </span>
    </p>
   </div>
   <div class='ocr_carea' id='block_1_3' title="bbox 91 2706 1081 3086">
    <p class='ocr_par' dir='ltr' id='par_1_3' title="bbox 91 2706 944 2787">
     <span class='ocr_line' id='line_1_26' title="bbox 91 2706 944 2787; baseline 0.004 -23"><span class='ocrx_word' id='word_1_175' title='bbox 91 2710 184 2784; x_wconf 95' lang='lat' dir='ltr'>inque</span> <span class='ocrx_word' id='word_1_176' title='bbox 199 2706 280 2767; x_wconf 91' lang='lat' dir='ltr'>diem</span> <span class='ocrx_word' id='word_1_177' title='bbox 297 2707 450 2784; x_wconf 92' lang='lat' dir='ltr'>alipedum</span> <span class='ocrx_word' id='word_1_178' title='bbox 468 2710 514 2767; x_wconf 95' lang='lat' dir='ltr'>ius</span> <span class='ocrx_word' id='word_1_179' title='bbox 530 2719 561 2768; x_wconf 90' lang='lat' dir='ltr'>et</span> <span class='ocrx_word' id='word_1_180' title='bbox 576 2710 772 2768; x_wconf 89' lang='lat' dir='ltr'>moderamen</span> <span class='ocrx_word' id='word_1_181' title='bbox 787 2728 944 2787; x_wconf 86' lang='lat' dir='ltr'>equorum.</span> 
     </span>
    </p>

    <p class='ocr_par' dir='ltr' id='par_1_4' title="bbox 91 2807 1081 3086">
     <span class='ocr_line' id='line_1_27' title="bbox 134 2807 975 2886; baseline 0.002 -20"><span class='ocrx_word' id='word_1_182' title='bbox 134 2807 290 2867; x_wconf 90' lang='lat' dir='ltr'>Paenituit</span> <span class='ocrx_word' id='word_1_183' title='bbox 304 2807 420 2867; x_wconf 90' lang='lat' dir='ltr'>iurasse</span> <span class='ocrx_word' id='word_1_184' title='bbox 436 2819 562 2886; x_wconf 89' lang='lat' dir='ltr'>patrem.</span> <span class='ocrx_word' id='word_1_185' title='bbox 608 2810 669 2883; x_wconf 92' lang='lat' dir='ltr'>Qui</span> <span class='ocrx_word' id='word_1_186' title='bbox 684 2819 791 2886; x_wconf 89' lang='lat' dir='ltr'>terque</span> <span class='ocrx_word' id='word_1_187' title='bbox 807 2819 975 2886; x_wconf 89' lang='lat' dir='ltr'>quaterque</span> 
     </span>
     <span class='ocr_line' id='line_1_28' title="bbox 91 2907 1081 2985; baseline 0.003 -19"><span class='ocrx_word' id='word_1_188' title='bbox 91 2908 272 2968; x_wconf 90' lang='lat' dir='ltr'>concutiens</span> <span class='ocrx_word' id='word_1_189' title='bbox 287 2907 415 2968; x_wconf 86' lang='lat' dir='ltr'>inlustre</span> <span class='ocrx_word' id='word_1_190' title='bbox 430 2918 532 2985; x_wconf 88' lang='lat' dir='ltr'>caput,</span> <span class='ocrx_word' id='word_1_191' title='bbox 550 2909 764 2980; x_wconf 65' lang='lat' dir='ltr'>‘Temeraria’</span> <span class='ocrx_word' id='word_1_192' title='bbox 779 2909 864 2979; x_wconf 90' lang='lat' dir='ltr'>dixit,</span> <span class='ocrx_word' id='word_1_193' title='bbox 1052 2922 1081 2975; x_wconf 80' lang='lat'>50</span> 
     </span>
     <span class='ocr_line' id='line_1_29' title="bbox 93 3007 944 3086; baseline 0.004 -22"><span class='ocrx_word' id='word_1_194' title='bbox 93 3015 169 3065; x_wconf 87' lang='lat' dir='ltr'>‘vox</span> <span class='ocrx_word' id='word_1_195' title='bbox 184 3025 252 3066; x_wconf 87' lang='lat' dir='ltr'>mea</span> <span class='ocrx_word' id='word_1_196' title='bbox 266 3007 349 3066; x_wconf 86' lang='lat' dir='ltr'>facta</span> <span class='ocrx_word' id='word_1_197' title='bbox 364 3015 417 3066; x_wconf 86' lang='lat' dir='ltr'>tua</span> <span class='ocrx_word' id='word_1_198' title='bbox 431 3017 487 3067; x_wconf 85' lang='lat' dir='ltr'>est.</span> <span class='ocrx_word' id='word_1_199' title='bbox 532 3008 659 3068; x_wconf 89' lang='lat' dir='ltr'>Utinam</span> <span class='ocrx_word' id='word_1_200' title='bbox 674 3008 825 3086; x_wconf 91' lang='lat' dir='ltr'>promissa</span> <span class='ocrx_word' id='word_1_201' title='bbox 840 3008 944 3068; x_wconf 85' lang='lat' dir='ltr'>liceret</span> 
     </span>
    </p>
   </div>
   <div class='ocr_carea' id='block_1_4' title="bbox 93 3107 1010 3266">
    <p class='ocr_par' dir='ltr' id='par_1_5' title="bbox 93 3107 1010 3266">
     <span class='ocr_line' id='line_1_30' title="bbox 93 3107 1010 3186; baseline 0.004 -22"><span class='ocrx_word' id='word_1_202' title='bbox 93 3126 153 3165; x_wconf 92' lang='lat' dir='ltr'>non</span> <span class='ocrx_word' id='word_1_203' title='bbox 169 3107 262 3166; x_wconf 91' lang='lat' dir='ltr'>dare!</span> <span class='ocrx_word' id='word_1_204' title='bbox 308 3108 473 3180; x_wconf 84' lang='lat' dir='ltr'>Confiteor,</span> <span class='ocrx_word' id='word_1_205' title='bbox 491 3109 590 3167; x_wconf 90' lang='lat' dir='ltr'>solum</span> <span class='ocrx_word' id='word_1_206' title='bbox 606 3110 665 3168; x_wconf 87' lang='lat' dir='ltr'>hoc</span> <span class='ocrx_word' id='word_1_207' title='bbox 679 3108 744 3182; x_wconf 92' lang='lat' dir='ltr'>tibi,</span> <span class='ocrx_word' id='word_1_208' title='bbox 755 3120 840 3180; x_wconf 87' lang='lat' dir='ltr'>nate,</span> <span class='ocrx_word' id='word_1_209' title='bbox 856 3128 1010 3186; x_wconf 86' lang='lat' dir='ltr'>negarem.</span> 
     </span>
     <span class='ocr_line' id='line_1_31' title="bbox 95 3205 870 3266; baseline -0.004 -3"><span class='ocrx_word' id='word_1_210' title='bbox 95 3206 281 3265; x_wconf 89' lang='lat' dir='ltr'>Dissuadere</span> <span class='ocrx_word' id='word_1_211' title='bbox 297 3205 376 3264; x_wconf 90' lang='lat' dir='ltr'>licet.</span> <span class='ocrx_word' id='word_1_212' title='bbox 422 3207 493 3264; x_wconf 92' lang='lat' dir='ltr'>Non</span> <span class='ocrx_word' id='word_1_213' title='bbox 509 3217 556 3264; x_wconf 88' lang='lat' dir='ltr'>est</span> <span class='ocrx_word' id='word_1_214' title='bbox 572 3216 624 3265; x_wconf 92' lang='lat' dir='ltr'>tua</span> <span class='ocrx_word' id='word_1_215' title='bbox 640 3218 704 3266; x_wconf 90' lang='lat' dir='ltr'>tuta</span> <span class='ocrx_word' id='word_1_216' title='bbox 719 3208 870 3264; x_wconf 86' lang='lat' dir='ltr'>voluntas.</span> 
     </span>
    </p>
   </div>
   <div class='ocr_carea' id='block_1_5' title="bbox 0 0 1484 3552">
    <p class='ocr_par' dir='ltr' id='par_1_6' title="bbox 0 0 1484 3552">
     <span class='ocr_line' id='line_1_32' title="bbox 0 0 1484 3552; baseline 0 0"><span class='ocrx_word' id='word_1_217' title='bbox 0 0 1484 3552; x_wconf 95' lang='lat' dir='ltr'> </span> 
     </span>
    </p>
   </div>
  </div>
 </body>
</html>
