2940 3552
476 694 659 770 OVID'S
698 686 1210 768 AUTOBIOGRAPHY.

775 950 910 978 -000-·

579 1159 762 1211 TRISTIUM
787 1157 896 1208 LIBER
919 1156 1107 1220 QUARTUS.

798 1283 863 1386 ¹it.

349 1481 426 1538 Itis
440 1498 499 1558 ego
515 1478 567 1556 qui
583 1478 701 1552 fuerim,
718 1488 893 1540 tenerorum
909 1475 992 1537 lusor
1007 1492 1154 1547 amorum,

390 1597 480 1656 quern
497 1578 583 1657 legis,
600 1588 633 1638 ut
649 1578 741 1652 noris,
758 1577 866 1656 accipe
881 1577 1054 1655 posteritas.

349 1679 456 1739 Sulmo
470 1678 546 1738 mihi
561 1679 660 1754 patria
675 1688 732 1746 est.
749 1677 862 1758 gelidis
876 1676 1049 1737 uberrimus
1065 1673 1166 1748 undis,

390 1777 473 1838 milia
488 1777 540 1855 qui
557 1777 664 1838 novies
679 1777 774 1838 distat
789 1778 829 1838 ab
846 1777 931 1838 Urbe
945 1776 1062 1839 decern.

352 1879 459 1940 Editus
474 1879 524 1938 hic
540 1897 597 1957 ego
613 1898 691 1951 surn,
707 1897 841 1940 necnon
860 1888 893 1938 ut
909 1887 1048 1956 tempora
1063 1877 1155 1949 noris,
1333 1884 1347 1938 5

390 1998 460 2041 curn
476 1979 588 2040 cecidit
603 1980 668 2040 fato
684 1980 793 2040 consul
811 1991 937 2057 uterque
953 1979 1027 2057 pari.

351 2080 458 2156 Siquid
475 2080 506 2139 id
522 2090 579 2153 est,
597 2099 695 2158 usque
711 2099 729 2139 a
745 2080 867 2159 proavis
883 2090 972 2141 vetus
988 2079 1105 2140 ordinis
1121 2079 1219 2152 heres,

392 2198 454 2240 non
470 2180 563 2240 modo
578 2180 721 2241 fortunae
737 2197 862 2240 munere
878 2180 979 2240 tactus
995 2197 1099 2257 eques.

353 2283 418 2340 Neo
435 2279 528 2359 stirps
544 2280 642 2358 prirna
657 2280 721 2354 iui;
744 2280 850 2358 genito
866 2300 933 2341 sunr
950 2281 1044 2342 tratre
1059 2289 1190 2353 creatus,

393 2381 445 2459 qui
461 2381 558 2442 tribus
574 2391 646 2442 ante
662 2392 770 2459 quater
787 2381 945 2442 mensibus
960 2392 1045 2443 ortus
1060 2391 1135 2443 erat.
1318 2393 1348 2430 10

279 2467 281 2472 ’
352 2483 475 2542 Lucifer
491 2482 649 2570 amborum
667 2482 822 2543 natalibus
838 2482 936 2543 adfuit
953 2482 1051 2554 idern;

393 2600 455 2640 una
469 2582 625 2642 celebrata
641 2593 689 2643 est
704 2603 759 2661 per
774 2585 837 2644 duo
853 2582 914 2644 liba
930 2584 1005 2644 dies.

354 2683 442 2743 Haec
457 2692 505 2742 est
520 2683 681 2742 armiferae
697 2683 787 2743 iestis
803 2683 841 2744 de
858 2684 994 2761 quinque
1012 2683 1171 2744 Minervae

394 2802 473 2862 quae
489 2783 553 2844 fieri
569 2801 673 2861 pugna
688 2783 786 2861 prima
802 2795 929 2844 cruenta
945 2784 1032 2844 solet.

354 2883 497 2943 Protinus
512 2882 679 2967 excolimur
695 2884 802 2956 teneri,
819 2903 954 2961 curaque
970 2884 1106 2962 parentis
1320 2895 1348 2948 ι5

394 2982 473 3044 irnus
489 2985 529 3044 ad
545 2983 682 3062 insignes
697 2983 793 3044 Urbis
809 2985 849 3044 ab
865 2994 929 3046 arte
945 2985 1036 3046 viros.

356 3084 460 3142 Frater
475 3085 514 3144 ad
531 3083 686 3160 eloquium
703 3084 791 3145 viridi
807 3084 956 3145 tendebat
971 3085 1011 3143 ab
1026 3102 1112 3156 aevo,

395 3183 484 3243 fortia
499 3183 621 3245 verbosi
638 3193 729 3244 natus
745 3183 784 3243 ad
801 3202 885 3242 arma
900 3184 977 3243 fori:

847 3297 854 3330 Ι
