2940 3552
88 142 120 192 50
305 141 669 193 METAMORPHOSEON
689 142 725 192 11.
760 153 862 190 nas-⁴04.

88 312 158 372 illae
174 331 257 372 more
272 332 337 385 suo,
354 332 425 371 nam
443 332 555 372 morem
572 315 688 373 fecerat
702 332 785 383 usus
1031 322 1079 374 345

87 412 265 491 plangorem
282 413 438 473 dederant.
486 414 593 490 Equis
611 414 795 485 Phaethusa,
812 429 948 471 sororum

88 513 228 586 maxima,
246 533 315 572 cum
331 514 424 573 vellet
438 523 518 586 terra
535 513 743 591 procumbere,
762 523 870 589 questa
886 521 933 571 est

88 614 257 692 deriguisse
273 615 377 692 pedes.
423 615 473 675 Ad
489 633 580 692 quam
596 593 708 673 donata
723 614 826 673 venire

89 716 221 775 candida
237 715 396 793 Lampetie
412 715 515 775 subita
530 715 633 775 radice
649 724 767 775 retenta
782 726 837 773 est.

89 815 203 888 Tertia,
219 834 287 875 cum
304 816 418 874 crinem
435 815 576 874 manibus
592 814 707 874 laniare
722 823 851 891 pararet,
1032 822 1079 874 350

90 915 192 975 avellit
206 916 342 975 frondes.
389 916 478 974 Haec
493 914 596 990 stipite
612 932 699 973 crura
714 914 820 984 teneri,

90 1015 141 1073 illa
156 1014 239 1074 dolet
254 1015 318 1073 fieri
334 1015 442 1092 longos
457 1033 513 1073 sua
527 1014 671 1074 bracchia
686 1032 795 1073 ramos,

93 1117 235 1192 Dumque
250 1133 286 1173 ea
302 1114 457 1186 mirantur,
475 1114 687 1190 complectitur
702 1112 828 1190 inguina
844 1122 957 1184 cortex,

90 1233 204 1289 perque
218 1214 332 1291 gradus
348 1223 465 1272 uterum
481 1224 650 1291 pectusque
666 1231 850 1290 umerosque
866 1231 1036 1289 manusque

91 1312 195 1386 ambit,
211 1324 241 1374 et
256 1314 420 1374 exstabant
436 1323 556 1373 tantum
572 1333 625 1372 ora
640 1312 785 1373 vocantia
800 1323 935 1372 matrem.
1032 1324 1080 1376 355

92 1413 174 1487 Quid
190 1414 284 1472 faciat
299 1424 404 1486 mater,
420 1413 488 1486 nisi,
507 1433 568 1490 quo
585 1414 685 1474 trahat
700 1413 833 1491 impetus
849 1413 940 1483 illam,

91 1513 150 1573 huc
166 1524 217 1572 eat
232 1523 323 1591 atque
339 1513 410 1573 illuc
426 1523 465 1585 et,
483 1514 555 1573 dum
571 1513 651 1584 licet,
669 1515 776 1573 oscula
791 1513 917 1590 iungat?

93 1615 162 1672 Non
178 1613 252 1673 satis
268 1623 332 1686 est;
356 1613 471 1673 truncis
487 1614 617 1674 avellere
632 1633 761 1692 corpora
778 1622 906 1689 temptat

91 1724 121 1771 et
136 1723 258 1772 teneros
274 1713 417 1773 manibus
432 1731 532 1773 ramos
549 1715 710 1791 abrumpit.
757 1717 797 1772 At
813 1715 884 1772 inde

92 1813 276 1890 sanguineae
293 1823 427 1885 manant,
444 1825 599 1890 tamquam
616 1816 654 1873 de
670 1815 803 1882 vulnere,
820 1824 932 1892 guttae.
1033 1812 1082 1877 3⁶0

93 1915 215 1984 ‘Parce
233 1931 348 1988 precor,
365 1915 480 1984 mater,’
498 1932 708 1990 quaecumque
725 1925 772 1972 est
787 1915 900 1983 saucia,
918 1914 1037 1978 clamat.

93 2019 210 2089 ‘parce
227 2017 351 2088 precorl
376 2023 514 2072 nostrum
530 2015 681 2073 laceratur
695 2014 726 2072 in
743 2015 850 2072 arbore
866 2031 986 2089 corpus.

95 2115 221 2188 lamque
237 2113 320 2171 vale’
336 2123 495 2172 -cortex
511 2113 540 2172 in
558 2115 651 2173 verba
666 2113 835 2173 novissima
850 2113 942 2171 venit.

93 2212 170 2272 lude
185 2213 284 2271 fluunt
299 2213 451 2286 lacrimae,
469 2215 644 2290 stillataque
660 2215 724 2273 sole
741 2215 895 2292 rigescunt

91 2312 130 2371 de
146 2312 239 2372 ramis
253 2313 367 2373 electra
382 2315 479 2386 novis,
496 2334 575 2392 quae
592 2315 713 2374 lucidus
728 2315 826 2374 amnis
1034 2311 1082 2376 3⁶5

92 2411 204 2489 excipit
220 2421 251 2472 et
266 2413 393 2473 nuribus
410 2414 502 2473 mittit
516 2416 668 2492 gestanda
684 2414 812 2474 Latinis.

134 2511 242 2571 Adfuit
258 2512 329 2573 huic
344 2525 480 2574 monstro
496 2515 597 2592 proles
614 2515 789 2575 Stheneleia
805 2517 936 2593 Cycnus,

93 2611 144 2688 qui
160 2612 216 2672 tibi
231 2621 368 2672 materno
384 2615 523 2690 quamvis
538 2635 556 2674 a
572 2615 721 2692 sanguine
736 2614 866 2685 iunctuS,

92 2723 194 2773 mente
209 2723 320 2787 tamen,
339 2715 507 2787 Phaethon,
524 2715 648 2793 propior
662 2714 728 2774 fuit.
775 2715 829 2774 Ille
845 2715 950 2774 relicto
965 2749 1005 2758 -

93 2831 163 2871 nam
179 2814 323 2892 Ligurum
339 2817 469 2893 populos
484 2825 516 2876 et
531 2834 658 2894 magnas
674 2825 793 2875 rexerat
808 2815 898 2874 urbes
914 2849 954 2858 —
1033 2826 1082 2877 370

92 2912 220 2990 imperio
234 2914 315 2992 ripas
330 2916 445 2976 virides
459 2935 643 2993 amnemque
658 2915 801 2994 querellis

95 3012 260 3072 Eridanum
275 3013 416 3092 implerat
430 3017 599 3094 silvamque
615 3017 771 3078 sororibus
787 3027 916 3087 auctam,

93 3131 161 3171 cum
177 3134 236 3173 vox
250 3124 298 3174 est
312 3125 438 3176 tenuata
453 3118 527 3190 viro,
544 3137 701 3194 canaeque
716 3117 843 3194 capillos

93 3213 288 3274 dissimulant
303 3217 433 3292 plumae,
451 3217 625 3293 collumque
641 3236 659 3274 a
674 3229 796 3295 pectore
812 3218 902 3293 longe
