2940 3552
81 94 113 142 56
297 92 662 142 METAMORPHOSEON
681 93 718 142 11.
753 103 856 142 tos-vsu.

82 262 112 318 in
128 260 237 318 durum
252 259 378 332 silicem,
394 260 447 336 qui
463 279 546 319 nunc
562 277 684 336 quoque
699 259 810 318 dicitur
826 260 936 330 index,

82 361 174 436 inque
190 359 265 418 nihil
282 359 389 420 merito
405 371 493 418 vetus
508 370 557 418 est
571 359 699 418 infamia
714 378 797 419 saxo.

120 628 271 698 (Mercury
286 634 363 678 went
376 633 404 678 to
417 625 518 678 Attica
533 573 708 696 arrd‘sought
725 625 772 678 tlte
789 626 854 694 help
874 629 911 696 of
923 627 1072 696 Aglauros

82 721 112 770 in
133 717 180 769 tis
199 717 263 770 love
273 719 331 787 jor
349 717 453 780 Herse,
474 716 521 770 the
541 717 684 787 daughter
707 718 745 787 os
766 717 891 786 Cecrops.
931 718 1072 770 Minerva

82 808 207 878 opposed
222 806 303 878 this.)

126 951 269 1010 Protinus
285 950 425 1010 Invidiae
441 950 529 1027 nigro
544 951 719 1027 squalentia
734 951 806 1010 tabo
1024 951 1074 1010 760

82 1060 164 1110 tecta
179 1049 265 1128 petit.
311 1051 430 1110 Domus
445 1060 494 1110 est
509 1050 577 1109 imis
592 1051 623 1108 in
639 1050 771 1109 vallibus
786 1049 877 1109 huius

82 1150 195 1221 abdita,
212 1150 276 1208 sole
292 1167 409 1221 carens,
426 1168 488 1208 non
505 1148 558 1207 ulli
573 1149 679 1225 pervia
694 1161 795 1221 vent0‚

82 1249 177 1308 tristis
192 1257 223 1308 et
239 1247 341 1326 ignavi
356 1247 537 1324 plenissima
551 1247 682 1325 frigoris,
699 1258 730 1308 et
745 1268 824 1325 quae

83 1351 152 1427 igne
167 1357 256 1408 vacet
271 1366 400 1424 semper,
416 1347 548 1424 caligine
563 1366 684 1424 semper
699 1349 843 1408 abundet.

84 1451 155 1508 Huc
171 1447 223 1507 ubi
238 1447 378 1524 pervenit
392 1447 466 1506 belli
482 1448 647 1507 metuenda
660 1447 774 1525 virago,
1026 1450 1074 1515 765

82 1548 220 1608 constitit
235 1557 307 1606 ante
322 1549 455 1620 domum,
472 1567 572 1623 neque
588 1548 669 1605 enim
685 1549 850 1608 succedere
866 1550 955 1607 tectis

81 1651 129 1707 las
144 1649 247 1719 habet,
264 1659 294 1708 et
309 1658 413 1724 postes
430 1658 566 1707 extrema
581 1649 709 1724 cuspide
725 1648 835 1724 pulsat.

83 1753 262 1809 Concussae
277 1759 404 1825 patuere
419 1749 511 1807 iores.
555 1748 650 1808 Videt
664 1747 747 1808 intus
762 1750 905 1810 edentem

83 1851 222 1926 vipereas
237 1867 354 1922 carnes,
371 1849 513 1908 vitiorum
529 1849 674 1908 alimenta
690 1868 822 1922 suorum,

85 1950 245 2022 Invidiam,
262 1949 390 2025 visaque
405 1949 511 2008 oculos
527 1950 645 2009 avertit.
691 1950 800 2011 Atilia
1025 1965 1073 2011 770

83 2052 178 2128 surgit
194 2052 287 2110 burno
302 2049 387 2127 pigre
403 2069 651 2126 semesarumque
667 2051 810 2127 relinquit

82 2170 211 2229 corpora
226 2161 403 2228 serpentum
419 2170 574 2228 passuque
590 2151 705 2211 incedit
720 2151 826 2222 inerti,

83 2264 176 2330 utque
192 2254 281 2312 deam
297 2251 373 2310 vidit
388 2253 547 2328 formaque
563 2253 716 2328 armisque
732 2253 883 2322 decoram,

83 2353 230 2430 ingemuit
245 2351 423 2428 vultumque
440 2351 500 2409 ima
516 2353 555 2410 ad
571 2351 704 2428 suspiria
718 2352 813 2410 duxit.

84 2453 182 2511 Pallor
197 2452 227 2510 in
244 2471 296 2511 ore
311 2452 406 2522 sedet,
424 2452 538 2510 macies
555 2451 585 2509 in
602 2470 729 2527 corpore
744 2462 816 2522 toto,
1025 2466 1073 2517 775

82 2570 233 2629 nusquam
250 2562 332 2610 recta
348 2551 439 2623 acies,
456 2549 553 2610 livent
567 2551 707 2627 rubigine
724 2552 842 2624 dentes,

81 2663 206 2728 pectora
220 2652 291 2711 felle
307 2650 414 2722 virent,
432 2651 536 2728 lingua
551 2662 597 2710 est
613 2651 730 2711 suffusa
746 2671 873 2713 veneno.

85 2753 176 2812 Risus
192 2753 289 2823 abest,
306 2751 364 2809 nisi
380 2771 471 2827 quem
487 2752 544 2810 visi
561 2771 681 2812 movere
697 2753 827 2812 dolores.

83 2857 149 2912 Nec
164 2853 273 2913 fruitur
288 2871 405 2924 somno,
421 2850 603 2928 vigilacibus
619 2852 718 2912 excita
733 2852 822 2923 curis,

82 2954 137 3012 sed
153 2954 236 3013 videt
251 2952 387 3028 ingratos
403 2951 628 3028 intabescitque
644 2951 779 3011 videndo
1024 2953 1071 3014 780

83 3072 243 3112 successus
259 3053 425 3123 hominum,
442 3053 600 3128 carpitque
616 3062 647 3111 et
662 3053 796 3128 carpitur
812 3073 881 3125 una,

82 3152 327 3227 suppliciumque
342 3168 430 3210 suum
446 3160 501 3209 est.
546 3151 695 3224 Quamvis
710 3161 812 3210 tamen
828 3152 934 3211 oderat
949 3153 1041 3225 illam,
