2940 3552
92 106 126 156 60
310 105 674 177 METAMORPHOSEON
695 108 730 156 11.
766 118 868 158 erl-ers.

93 275 182 335 litora
198 275 282 334 iussa
296 284 414 352 petunt,
431 273 484 335 ubi
500 275 602 354 magni
617 275 680 334 lilia
695 276 774 354 regis

93 375 197 436 ludere
213 374 383 452 virginibus
397 375 499 455 Tyriis
515 376 661 436 comitata
676 377 804 437 solebat.

94 480 164 537 Non
180 476 260 536 bene
275 476 464 536 conveniunt
480 496 536 538 nec
552 477 583 536 in
600 497 660 536 una
676 478 748 538 sede
765 491 919 539 morantur

92 577 237 637 maiestas
253 587 284 638 et
299 596 392 639 amor.
437 576 555 654 Sceptri
569 575 720 656 glavitate
734 579 848 650 relicta,

93 679 143 738 ille
160 689 246 756 pater
261 688 420 754 rectorque
437 678 528 736 deum
543 679 593 738 cui
609 679 717 738 dextra
732 678 865 738 trisulcis

93 779 215 856 ignibus
231 788 347 838 armata
361 787 417 850 est,
434 777 486 855 qui
502 787 578 837 nutu
593 777 731 838 concutit
746 779 861 850 orbern,

94 878 229 938 induitur
243 877 355 937 iaciem
370 877 449 936 tauri
465 876 639 953 mixtusque
655 877 792 938 iuvencis

93 977 188 1055 mugit
204 988 234 1037 et
250 977 279 1035 in
297 976 411 1036 teneris
426 977 579 1036 formosus
595 977 773 1036 obambulat
787 977 899 1036 herbis.

93 1076 217 1153 Quippe
233 1076 316 1135 color
331 1075 410 1134 nivis
427 1085 482 1148 est,
500 1094 591 1152 quarn
608 1095 666 1136 nec
681 1075 811 1154 vestigia
826 1077 893 1134 duri

92 1177 249 1235 calcavere
265 1174 354 1252 pedis
369 1194 427 1234 nec
442 1175 532 1233 solvit
549 1175 709 1251 aquaticus
725 1186 836 1236 auster.

93 1275 181 1335 Colla
196 1275 270 1334 toris
285 1284 424 1347 exstant;
448 1273 540 1334 armis
556 1275 691 1352 palearia
706 1276 861 1352 pendent3

92 1393 208 1434 cornua
222 1393 316 1451 parva
332 1374 464 1450 quidem,
482 1375 537 1434 sed
552 1392 631 1450 quae
647 1375 835 1434 contendere
851 1376 951 1453 possis

91 1477 172 1533 lacta
187 1493 289 1547 manu,
306 1492 442 1551 puraque
458 1473 556 1551 magis
572 1473 729 1550 perlucida
744 1493 874 1552 gemma.

96 1574 206 1634 Nullae
221 1573 251 1633 in
268 1574 369 1632 fronte
386 1573 495 1645 minae,
513 1591 570 1632 nec
585 1573 780 1634 formidabile
797 1574 897 1634 lumen
911 1600 916 1646 ;

93 1693 200 1749 pacem
216 1672 317 1732 vultus
333 1672 434 1732 habet.
480 1673 610 1731 Miratur
627 1676 768 1751 Agenore
786 1685 866 1745 nata,

93 1774 175 1850 quod
191 1783 253 1831 tam
268 1773 431 1844 formosus,
449 1774 531 1849 quod
548 1773 664 1849 proelia
679 1775 762 1832 nulla
778 1775 917 1834 minetur.

94 1875 164 1945 Sed,
182 1873 322 1950 quamvis
337 1873 450 1945 mitem,
468 1873 575 1932 metuit
591 1874 770 1952 contingere
786 1875 901 1952 primo:

93 1993 162 2032 rnox
178 1973 242 2032 adit
257 1983 288 2032 et
304 1972 393 2033 flores
410 1973 450 2033 ad
465 1975 597 2033 candida
612 1973 739 2052 porrigit
755 1995 816 2034 ora.

93 2076 121 2132 N
125 2093 184 2133 unc
199 2074 279 2133 latus
295 2073 326 2130 in
341 2073 433 2132 lulvis
449 2073 571 2133 niveum
587 2074 714 2151 deponit
729 2075 869 2146 harenis;

92 2174 300 2251 paulatimque
316 2184 397 2234 metu
413 2175 539 2252 dempto
555 2176 646 2234 modo
664 2187 790 2252 pectora
805 2179 931 2254 praebet

92 2274 229 2352 virginea
243 2275 398 2352 palpanda
414 2294 514 2347 manu,
532 2275 624 2334 modo
639 2294 754 2334 cornua
769 2277 859 2337 sertis

91 2374 289 2452 impedienda
304 2375 399 2436 novis.
445 2379 529 2435 Ausa
544 2386 591 2435 est
607 2395 731 2453 quoque
747 2377 829 2455 regia
845 2377 937 2454 virgo,

93 2476 196 2537 nescia
211 2495 302 2554 quem
318 2486 478 2554 premeret,
495 2485 580 2554 tergo
596 2476 756 2536 considere
772 2477 857 2548 tauri,

91 2596 160 2636 cum
176 2576 253 2636 deus
269 2595 287 2634 a
302 2587 382 2637 terra
397 2575 541 2653 siccoque
557 2595 575 2634 a
592 2575 679 2637 litore
695 2577 809 2636 sensim

92 2678 164 2736 fissa
178 2677 291 2754 pedum
307 2675 414 2752 primis
429 2675 558 2754 vestigia
573 2675 661 2752 ponit
676 2676 706 2734 in
723 2676 831 2736 undis:

91 2778 163 2837 inde
178 2777 243 2838 abit
258 2776 382 2838 ulterius
398 2776 551 2852 mediique
566 2795 620 2852 per
635 2796 769 2854 aequora
784 2777 870 2854 ponti

91 2878 150 2937 lert
166 2879 320 2955 praedam.
366 2879 461 2936 Pavet
476 2877 553 2936 haec
569 2877 701 2954 litusque
717 2877 821 2937 ablata
837 2877 973 2938 relictum

92 2977 225 3055 respicit,
241 2988 272 3038 et
287 2979 394 3036 dextra
410 2997 535 3037 cornum
553 2988 646 3051 tenet,
663 2977 757 3038 altera
772 2979 864 3037 dorso

92 3078 235 3155 imposita
250 3089 314 3151 est3
338 3079 484 3139 tremulae
500 3078 661 3138 sinuantur
675 3077 799 3138 flamine
815 3088 924 3138 vestes.
