2940 3552
702 81 919 132 PHAETHON.
1274 82 1304 134 51

312 255 483 334 porrigitur,
501 254 676 333 digitosque
691 253 769 333 ligat
784 253 923 313 iunctura
938 251 1093 327 rubentes,
1259 265 1307 318 375

313 375 414 435 penna
430 355 510 416 latus
525 354 625 429 vestit,
642 363 728 415 tenet
743 373 778 414 os
795 353 861 414 sine
877 353 1018 414 acumine
1032 363 1173 414 rostrum.

315 457 362 517 Fit
377 475 458 514 nova
474 456 598 534 Cycnus
613 454 678 514 avis
695 473 751 514 nec
768 474 801 513 se
818 453 966 532 caeloque
983 452 1112 532 Iovique

312 557 417 631 credit,
435 566 468 615 ut
484 555 596 616 iniuste
611 555 696 615 missi
714 575 830 616 memor
845 554 931 634 ignis
942 556 982 614 ab
998 555 1070 628 illo;

313 670 422 737 stagna
438 656 514 734 petit
530 657 715 734 patulosque
732 657 826 730 lacus,
844 656 1008 733 ignemque
1024 675 1161 734 perosus,

313 778 392 836 quae
407 757 497 830 colat,
514 757 606 837 elegit
621 757 775 818 contraria
792 757 917 816 flumina
933 757 1072 818 flammis.
1259 755 1308 822 380

356 860 523 938 Squalidus
539 859 655 920 interea
670 857 791 937 genitor
808 858 1011 919 Phaethontis
1027 869 1059 918 et
1073 877 1183 937 expers

314 963 379 1037 ipse
396 960 443 1020 sui
459 961 589 1034 decoris,
607 960 716 1037 qualis,
734 978 803 1019 cum
820 959 924 1019 deficit
939 960 1055 1032 orbem,

313 1081 382 1122 esse
397 1062 484 1135 solet,
502 1063 662 1138 lucemque
678 1060 743 1120 odit
759 1079 854 1137 seque
870 1060 936 1138 ipse
953 1061 1105 1137 diemque,

313 1163 428 1240 datque
445 1161 580 1221 animum
597 1162 627 1221 in
645 1162 746 1221 luctus
761 1171 792 1222 et
807 1161 941 1221 luctibus
958 1161 1053 1222 adicit
1068 1161 1152 1234 iram,

284 1334 289 1343 ι
313 1263 508 1340 officiumque
524 1274 615 1340 negat
632 1263 755 1322 mundo.
801 1262 919 1335 ‘Satis'
937 1263 1045 1338 inquit,
1064 1264 1121 1323 ‘ab
1136 1262 1203 1322 aevi
1262 1262 1309 1326 3⁸5

314 1383 380 1423 sors
396 1382 463 1423 mea
479 1363 639 1442 principiis
656 1365 713 1424 luit
728 1363 909 1440 inrequieta,
928 1363 1074 1442 pigetque

314 1476 449 1523 actorum
467 1465 534 1524 sine
551 1465 610 1524 line
627 1465 710 1536 mihi,
728 1463 794 1523 sine
812 1466 928 1523 honore
944 1464 1093 1524 laborum.

315 1564 452 1639 Quilibet
467 1565 544 1624 alter
559 1576 631 1643 agat
646 1574 805 1642 portantes
822 1565 937 1623 lumina
952 1569 1077 1625 currusl

316 1665 347 1723 Si
363 1683 454 1724 nemo
469 1676 524 1737 est,
542 1684 712 1742 omnesque
729 1666 778 1725 dei
795 1685 855 1724 non
873 1684 966 1743 posse
982 1666 1125 1737 latentur,

315 1764 379 1842 ipse
396 1775 476 1842 agat,
494 1776 525 1825 ut
541 1766 659 1838 saltem,
677 1765 750 1824 dum
766 1777 888 1826 nostras
904 1775 1034 1844 temptat
1050 1767 1196 1836 habenas,
1262 1777 1311 1830 390

315 1866 460 1924 orbatura
476 1876 579 1943 patres
596 1866 764 1943 aliquando
779 1867 908 1926 fulmina
924 1876 1029 1945 ponat.

315 1967 395 2023 'l'um
412 1966 497 2038 sciet,
516 1966 694 2044 ignipedum
711 1967 791 2026 vires
807 1978 952 2044 expertus
968 1986 1126 2045 equorum,

316 2085 376 2125 non
393 2066 541 2127 meruisse
557 2085 674 2141 necem,
691 2067 744 2144 qui
760 2087 821 2126 non
837 2070 918 2128 bene
934 2069 1045 2130 rexerit
1060 2069 1148 2129 illos’

357 2165 446 2225 Talia
462 2167 616 2227 dicentem
632 2168 832 2228 circumstant
848 2169 951 2228 omnia
969 2170 1071 2230 Solem

316 2266 450 2338 numina,
468 2286 544 2328 neve
560 2269 634 2328 velit
648 2269 793 2329 tenebras
808 2269 953 2330 inducere
970 2271 1070 2341 rebus,
1263 2281 1311 2335 39⁵

316 2367 455 2444 supplice
471 2386 545 2427 voce
561 2381 679 2447 rogant.
727 2370 842 2430 Missos
858 2389 982 2446 quoque
1000 2370 1138 2447 luppiter
1154 2370 1240 2446 ignes

316 2478 442 2527 excusat
458 2468 663 2546 precibusque
679 2469 778 2528 minas
796 2469 937 2547 regaliter
952 2469 1047 2530 addit.

317 2567 452 2647 Conligit
468 2579 607 2629 amentes
622 2581 653 2630 et
669 2571 771 2630 adhuc
786 2580 901 2631 terrore
917 2579 1066 2647 paventes

319 2669 461 2728 Phoebus
478 2688 583 2746 equoS,
600 2670 787 2748 stimuloque
803 2671 914 2730 dolens
929 2681 960 2730 et
975 2671 1101 2730 verbere
1117 2670 1227 2738 saevit;

317 2769 414 2828 saevit
429 2769 511 2830 enim
528 2780 695 2848 natumque
710 2771 846 2832 obiectat
860 2781 891 2832 et
907 2771 1037 2848 imputat
1054 2770 1121 2830 illis.
1263 2781 1312 2828 ⁴00

359 2873 400 2929 At
415 2881 502 2949 pater
517 2872 714 2949 omnipotens
730 2871 867 2950 ingentia
883 2871 1004 2930 moenia
1019 2871 1097 2932 caeli

316 2970 423 3030 circuit
438 2982 477 3045 et,
496 2991 535 3033 ne
550 2973 624 3051 quid
639 2973 827 3033 labefactum
844 2973 959 3032 viribus
975 2971 1055 3049 ignis

316 3083 446 3145 corruat,
464 3073 610 3151 explorat.
657 3076 744 3149 Quae
760 3083 924 3150 postquam
941 3073 1026 3132 firma
1042 3071 1152 3149 suique

318 3173 434 3232 roboris
450 3193 518 3234 esse
535 3175 625 3246 videt,
643 3184 738 3234 terras
755 3175 974 3248 hominumque
990 3173 1112 3231 labores
