2940 3552
88 113 120 162 22
317 107 681 158 METAMORPHOSEON
702 107 721 155 1.
757 117 860 154 auu-tur.

131 275 280 355 Coniugis
296 276 425 355 augurio
441 295 628 354 quamquam
644 275 767 335 Titania
783 284 865 334 mota
881 282 937 345 est,
1038 283 1085 336 395

89 397 161 454 spes
177 388 280 438 tamen
297 376 328 435 in
345 375 440 436 dubio
456 386 511 436 est.
557 377 646 436 Adeo
661 375 848 436 caelestibus
864 374 955 434 ambo

89 479 234 538 diffidunt
249 477 381 536 monitis.
428 477 489 537 Sed
505 475 579 552 quid
597 487 746 554 temptare
761 473 906 535 nocebit?

92 578 264 639 Discedunt
280 577 445 652 velantque
461 587 554 654 caput
569 576 751 652 tunicasque
768 574 927 653 recingunt

91 690 121 739 et
137 679 238 739 iussos
254 677 373 755 lapides
392 695 448 736 sua
464 687 534 754 post
550 675 680 754 vestigia
696 676 829 736 mittunt.

94 782 173 837 Saxa
183 813 223 822 —
233 778 303 854 quis
318 778 378 838 hoc
390 778 503 850 eredat,
518 775 577 835 nisi
590 777 629 835 sit
642 795 697 852 pro
713 785 792 836 teste
808 784 946 835 vetustas
958 776 1015 834 ἲ-
1037 785 1087 832 400

93 896 208 954 ponere
224 877 366 937 duritiem
382 895 512 954 coepere
530 895 681 953 suumque
696 876 834 954 rigorem,

94 976 264 1054 mollirique
280 994 373 1050 mora,
389 976 570 1053 mollitaque
587 977 700 1037 ducere
715 976 852 1035 formam.

95 1079 171 1135 Mox
185 1075 238 1136 ubi
253 1085 414 1135 creverunt
430 1086 600 1153 naturaque
617 1076 717 1136 mitior
732 1075 791 1136 illis

94 1175 232 1254 contigit,
249 1184 284 1236 ut
299 1176 461 1251 quaedam,
478 1175 523 1236 sic
538 1195 600 1236 non
618 1175 790 1248 manifesta,
808 1175 904 1236 videri

95 1278 194 1335 forma
209 1285 312 1353 potest
327 1275 469 1348 hominis,
486 1276 551 1349 sed,
569 1276 613 1335 uti
629 1277 668 1336 de
686 1293 835 1336 marmore
851 1285 969 1353 coepta,
1041 1287 1090 1339 405

97 1396 158 1454 non
174 1386 282 1437 exacta
297 1375 372 1436 satis
387 1375 577 1452 rudibusque
593 1375 747 1436 simillima
762 1375 867 1453 signis.

97 1477 185 1551 Quae
200 1486 302 1536 tamen
318 1495 355 1536 ex
370 1475 432 1536 illis
447 1475 550 1553 aliquo
565 1495 637 1554 pars
653 1475 756 1536 umida
772 1493 846 1536 suco

97 1588 127 1636 et
142 1586 262 1636 terrena
277 1575 344 1648 fuit,
361 1593 451 1636 versa
467 1586 514 1636 est
530 1576 561 1634 in
578 1576 714 1653 corporis
730 1595 837 1648 usum;

98 1676 181 1752 quod
198 1676 328 1736 solidum
345 1686 393 1736 est
408 1675 551 1754 flectique
567 1677 683 1752 nequit,
700 1687 834 1737 mutatur
850 1677 879 1735 in
896 1695 985 1746 ossa;

98 1795 178 1852 quae
195 1777 286 1836 modo
302 1795 381 1836 vena
396 1776 463 1846 ruit,
480 1778 538 1836 sub
554 1778 662 1837 eodem
679 1777 802 1838 nomine
818 1761 948 1849 mansit;
1043 1789 1093 1834 4¹0

98 1876 191 1952 inque
207 1875 291 1934 brevi
308 1875 408 1953 spatio
424 1895 603 1954 superorum
620 1877 744 1938 numine
760 1895 834 1936 saxa

100 1975 194 2035 missa
208 1974 263 2034 viri
280 1975 422 2036 manibus
438 1976 549 2037 faciem
564 1988 682 2038 traxere
697 1977 840 2050 virorum,

98 2086 129 2136 et
144 2077 183 2136 de
198 2075 332 2136 femineo
348 2087 488 2153 reparata
504 2087 551 2136 est
566 2077 681 2136 semina
696 2077 787 2138 iactu.

101 2176 178 2235 Inde
193 2194 291 2254 genus
306 2176 416 2236 durum
432 2195 538 2237 sumus
554 2178 777 2255 experiensque
794 2178 941 2249 laborum,

99 2286 131 2336 et
145 2276 330 2336 documenta
345 2261 454 2336 damus
470 2297 532 2353 qua
548 2278 642 2337 simus
657 2277 775 2356 origine
790 2279 862 2338 nati.
1045 2287 1094 2338 4¹5

23 2367 130 2430 s
142 2378 254 2437 Cetera
269 2375 398 2436 diversis
406 2378 511 2466 Q
521 2378 665 2436 animalia
680 2377 788 2437 formis
833 2381 859 2390 ’“
919 2387 945 2400 “·

16 2506 47 2560 q
100 2485 287 2563 Q
298 2477 426 2554 peperit,
443 2487 609 2555 postquam
625 2488 713 2538 vetus
729 2497 815 2538 umor
831 2479 870 2537 ab
886 2479 956 2555 igne

14 2575 19 2656 f
99 2575 249 2654 percaluit
264 2576 347 2668 sqlis,
363 2595 556 2654 caenumque
573 2578 715 2654 udaeque
731 2578 860 2654 paludes

101 2678 271 2745 intumuere
286 2687 383 2749 aestu,
400 2676 596 2755 fecundaque
612 2678 730 2738 semina
747 2697 845 2738 rerum

17 2761 26 2770 ¹
101 2776 199 2837 vivaci
214 2777 328 2838 nutrita
343 2777 419 2849 solo,
435 2795 492 2837 ceu
508 2777 614 2837 matris
629 2778 661 2836 in
676 2778 754 2851 alvo,

101 2887 263 2938 creverunt
277 2876 450 2953 faciemque
466 2877 599 2956 aliquam
615 2897 725 2956 cepere
740 2879 897 2939 morando.

103 2977 154 3037 Sic
169 2976 223 3037 ubi
238 2976 373 3037 deseruit
388 2977 532 3037 madidos
546 2977 746 3055 septemfluus
761 2997 851 3056 agros

104 3078 192 3136 Nilus
207 3085 239 3136 et
254 3076 382 3154 antiquo
397 3096 453 3136 sua
468 3077 593 3136 flumina
609 3079 742 3140 reddidit
758 3079 854 3148 alveo,

15 3167 16 3174 t
91 3145 194 3170 “¹''—

104 3177 302 3254 aetherioque
318 3197 427 3238 recens
442 3179 555 3239 exarsit
571 3180 671 3240 sidere
687 3180 785 3248 limus,
