2940 3552
715 121 841 172 MUNDI
868 122 992 172 ORIGO.

350 286 472 364 pondus
488 304 586 363 aquae
602 284 709 360 levius,
726 294 814 346 tanto
829 297 876 346 est
891 286 1049 348 onerosior
1063 286 1136 366 igni.

352 386 418 448 Illic
433 395 465 447 et
480 385 618 458 nebulas,
634 384 697 446 illic
712 384 883 447 consistere
899 387 999 448 nubes

351 486 448 561 iussit,
465 497 496 548 et
510 487 664 547 humanas
679 495 799 548 motura
815 486 952 548 tonitrua
968 496 1089 550 mentes
1192 497 1209 534 t'
1319 502 1349 556 ss

351 600 381 648 et
396 606 465 649 curn
480 585 664 648 fulminibus
678 586 831 649 facientes
845 587 961 666 frigora
976 598 1095 649 ventos.

354 687 413 748 His
428 705 552 766 quoque
569 706 631 748 non
646 686 764 766 passim
779 686 886 748 mundi
901 687 1071 749 fabricator
1085 688 1262 750 habendum

352 791 422 850 a'e'ra
437 787 585 866 permisit.
629 787 690 846 Vix
705 806 789 849 nunc
803 787 964 849 obsistitur
978 787 1047 862 illis,

352 907 419 950 cum
436 907 493 949 sua
508 887 640 966 quisque
655 897 766 968 regant
780 887 904 950 diverso
919 888 1045 950 flamina
1060 897 1169 962 tractu,

352 989 426 1068 quin
443 988 559 1050 lanient
576 989 742 1064 mundum;
767 997 855 1050 tanta
871 1000 919 1050 est
934 989 1089 1052 discordia
1103 990 1241 1052 fratrum.
1319 990 1352 1041 60

355 1091 452 1151 Eurus
467 1091 507 1150 ad
523 1109 663 1151 auroram
680 1090 904 1169 Nabataeaque
921 1109 1017 1170 regna
1032 1091 1161 1152 recessit

355 1190 542 1269 Persidaque
557 1202 588 1253 et
603 1191 698 1252 radiis
715 1191 786 1271 iuga
801 1191 928 1254 subdita
944 1191 1111 1254 matutinis.

353 1293 473 1369 Vesper
488 1301 519 1353 et
533 1292 665 1355 occiduo
682 1312 762 1371 quae
779 1292 870 1355 litora
886 1293 952 1354 sole
968 1302 1140 1372 tepescunt,

349 1393 492 1472 ¹proxima
507 1406 580 1455 sunt
598 1394 740 1475 zephyro.
787 1393 942 1475 Scythiam
958 1403 1140 1472 septemque
1156 1393 1287 1456 trionem

355 1493 482 1556 horrifer
497 1495 610 1557 invasit
625 1496 745 1558 boreas.
790 1495 955 1558 Contraria
970 1495 1061 1556 tellus
1321 1495 1354 1563 65

355 1596 489 1657 nubibus
504 1597 645 1659 adsiduis
660 1596 826 1677 pluvioque
843 1596 993 1659 madescit
1009 1599 1049 1658 ab
1066 1607 1179 1658 austro.

358 1698 447 1758 Haec
463 1717 554 1779 super
570 1696 717 1780 imposuit
732 1698 883 1777 liquidum
899 1708 931 1760 et
945 1697 1096 1778 gravitate
1112 1709 1267 1760 carentem

356 1800 481 1860 aethera
496 1819 554 1862 nec
569 1798 736 1881 quicquam
751 1810 891 1862 terrenae
907 1801 1003 1862 faecis
1019 1801 1194 1863 habentem.

398 1900 458 1962 Vix
473 1900 516 1963 ita
531 1899 680 1963 limitibus
695 1902 906 1981 dissaepserat
920 1902 1025 1962 omnia
1040 1902 1144 1976 certis,

356 2021 434 2076 curn,
452 2021 531 2082 quae
547 2022 653 2081 pressa
669 2003 721 2064 diu
738 2023 840 2065 massa
856 2003 972 2064 latuere
988 2004 1047 2066 sub
1063 2004 1123 2078 illa,
1324 2016 1356 2066 70

357 2103 459 2165 sidera
474 2115 643 2181 coeperunt
658 2114 723 2166 toto
738 2105 940 2166 effervescere
955 2105 1052 2166 caelo.

358 2206 428 2264 Neu
444 2203 527 2283 regio
542 2205 622 2264 foret
640 2205 700 2264 ulla
715 2203 780 2266 suis
796 2203 1005 2266 animantibus
1021 2206 1106 2278 orba,

357 2316 439 2364 astra
456 2314 562 2366 tenent
577 2305 710 2366 caeleste
726 2304 825 2366 solum
841 2305 1021 2382 formaeque
1036 2307 1174 2379 deorum,

357 2415 518 2466 cesserunt
533 2404 640 2466 nitidis
655 2405 844 2466 habitandae
859 2404 997 2484 piscibus
1014 2406 1125 2478 undae,

357 2515 437 2565 terra
453 2505 534 2564 feras
550 2504 640 2582 cepit,
657 2505 798 2566 volucres
813 2503 970 2584 agitabilis
986 2509 1046 2567 adr.
1327 2515 1357 2569 75

401 2604 544 2666 Sanctius
559 2604 608 2664 his
624 2605 738 2664 animal
754 2604 929 2682 mentisque
944 2605 1091 2682 capacius
1106 2606 1187 2666 aitae

358 2704 464 2790 deerat
479 2704 590 2778 adhuc,
607 2714 638 2765 et
654 2703 739 2782 quod
753 2704 905 2766 dominari
920 2705 952 2764 in
967 2714 1070 2767 cetera
1085 2714 1199 2784 posset.

360 2785 460 2866 N's't'is
476 2805 568 2865 homo
583 2814 649 2865 est:
672 2803 737 2866 sive
753 2806 837 2866 hunc
851 2803 958 2866 divino
970 2805 1089 2867 semine
1103 2805 1178 2866 fecit

359 2903 408 2967 ille
424 2905 528 2983 opifex
543 2923 653 2978 rerum,
670 2904 778 2966 mundi
794 2904 930 2965 melioris
944 2905 1039 2984 origo,

359 3005 424 3067 sive
439 3023 548 3066 recens
564 3005 655 3067 tellus
670 3005 861 3083 seductaque
878 3024 976 3084 nuper
991 3006 1031 3065 ab
1046 3005 1110 3066 alto
1325 3003 1358 3057 80

360 3106 484 3167 aethere
499 3105 624 3184 cognati
639 3104 793 3166 retinebat
807 3104 927 3164 semina
941 3104 1036 3177 caeli;

360 3209 452 3284 qua'm
469 3215 554 3267 satus
572 3208 690 3284 lapeto‚
707 3204 833 3266 mixtam
848 3203 1023 3264 fluvialibus
1039 3203 1140 3277 undis,
