2940 3552
81 117 96 166 4
370 117 554 168 TRISTIUM
580 117 626 165 IV.
652 129 677 164 x.
696 124 785 165 79—132.

85 287 155 345 Non
171 282 258 345 aliter
272 284 343 345 flevi
358 303 450 362 quam
467 304 516 346 me
533 285 660 345 fleturus
676 284 852 362 ademptum

125 385 175 446 ille
190 385 257 446 tuit.
303 385 398 446 Matri
415 386 554 465 proxima
570 386 650 445 iusta
666 385 730 445 tuli.

86 487 203 547 Felices
219 487 311 546 ambo
327 488 571 563 tempestiveque
587 485 708 565 sepulti,

127 597 197 647 ante
213 587 295 648 diem
311 606 429 664 poenae
446 586 529 663 quod
544 584 660 664 periere
676 590 779 646 meae!

87 690 138 748 Me
155 707 276 764 quoque
292 687 421 759 felicem,
440 687 523 764 quod
540 706 601 746 non
618 686 794 746 viventibus
811 685 870 746 illis

128 807 195 847 sum
212 787 312 860 miser,
329 799 360 847 et
375 787 413 847 de
429 805 477 847 me
494 787 576 862 quod
593 787 718 847 doluere
734 786 828 845 nihil!

88 889 119 948 Si
136 897 238 947 tamen
254 887 414 947 exstinctis
430 887 546 964 aliquid
563 886 622 946 nisi
639 885 763 946 nomina
778 894 881 957 restat,

129 997 160 1047 et
174 986 297 1065 gracilis
313 996 446 1046 structos
461 986 569 1065 effugit
586 986 692 1045 umbra
707 1005 807 1064 rogos,

87 1089 178 1158 tama,
195 1086 379 1163 parentales,
396 1087 492 1146 sivos
508 1104 576 1148 mea
591 1085 728 1163 contigit,
745 1085 878 1156 umbrae,

129 1194 160 1245 et
175 1194 246 1245 sunt
262 1185 293 1242 in
311 1185 417 1264 Stygio
425 1185 559 1263 crimina
574 1196 679 1246 nostra
693 1186 769 1258 foro,

34 1330 41 1344 .
89 1285 174 1357 scite,
191 1302 308 1363 precor,
323 1303 567 1346 causam-nec
581 1304 637 1345 vos
652 1285 726 1343 mibi
740 1284 846 1344 fallere
862 1284 909 1342 ias
924 1293 1021 1343 est-

130 1403 263 1456 errorem
279 1383 390 1458 iussae,
406 1403 468 1445 non
484 1385 593 1457 scelus,
610 1402 679 1444 esse
695 1384 796 1462 fugae.

91 1483 238 1544 Manibus
253 1485 312 1544 hoc
326 1483 402 1544 satis
417 1496 473 1545 est.
519 1485 567 1544 Ad
580 1503 643 1555 vos,
661 1484 807 1554 studiosa,
826 1492 967 1553 revertor,

132 1593 266 1660 pectora,
283 1603 362 1661 quae
377 1585 458 1644 vitae
474 1583 620 1661 quaeritis
636 1595 705 1644 acta
719 1603 814 1644 meae.

93 1687 158 1743 lam
174 1683 248 1743 mihi
263 1684 392 1744 canities
408 1684 505 1763 pulsis
521 1685 698 1746 melioribus
713 1685 803 1745 annis

132 1795 268 1857 venerat,
286 1784 428 1863 antiquas
444 1786 668 1862 miscueratque
683 1805 797 1858 comas,

92 1895 224 1961 postque
240 1902 325 1945 meos
340 1893 425 1945 ortus
441 1885 550 1946 Pisaea
564 1885 685 1946 vinctus
701 1886 782 1946 oliva

134 1984 303 2044 abstulerat
318 1984 422 2045 decies
437 1985 572 2064 praemia
587 1988 684 2047 victor
698 2005 802 2063 eques,

93 2104 162 2143 cum
178 2084 270 2144 maris
287 2084 396 2144 Euxini
412 2086 530 2164 positos
545 2088 585 2147 ad
601 2088 686 2147 laeva
702 2087 840 2147 Tomitas

135 2203 281 2261 quaerere
297 2204 345 2244 me
362 2185 436 2247 laesi
452 2187 601 2266 principis
615 2189 660 2247 ira
676 2188 768 2248 iubet.

94 2289 198 2347 Causa
214 2305 301 2348 meae
315 2287 435 2348 cunctis
450 2287 576 2348 nimium
594 2307 715 2367 quoque
732 2298 804 2348 nota
820 2288 925 2347 ruinae

135 2387 249 2448 indicio
265 2407 327 2448 non
343 2397 392 2448 est
406 2390 601 2450 testificanda
616 2407 693 2450 meo.
1040 2399 1085 2435 ¹00

94 2489 178 2562 Quid
194 2489 321 2549 referam
337 2489 544 2567 comitumque
560 2491 647 2550 netas
662 2490 857 2566 famulosque
874 2489 1042 2548 nocentes?

137 2592 210 2668 Ipsa
225 2589 320 2649 multa
336 2589 390 2650 tuli
406 2609 466 2650 non
484 2590 598 2652 leviora
612 2592 693 2669 iuga.

96 2690 261 2768 Indignata
276 2689 364 2752 malis
381 2709 467 2752 mens
483 2703 530 2754 est
545 2693 752 2765 succumbere,
771 2710 865 2768 seque

136 2792 289 2868 praestitit
305 2791 459 2866 invictam,
475 2791 590 2855 viribus
605 2812 661 2853 usa
677 2794 749 2854 suis.

94 2891 279 2970 Oblitusque
295 2892 354 2953 mei
370 2894 542 2972 ductaeque
558 2913 612 2972 per
627 2893 690 2955 otia
705 2894 785 2955 vitae

136 2993 260 3054 insolita
275 2993 342 3072 cepi
358 2995 506 3074 temporis
522 3015 606 3056 arma
622 3015 723 3056 manu.

95 3095 216 3171 Totque
230 3095 287 3156 tuli
303 3114 394 3157 casus
409 3097 519 3176 pelago
534 3108 674 3174 terraque
691 3105 766 3174 quot
782 3096 860 3155 inter

136 3195 289 3255 occultum
306 3196 411 3258 stellae
426 3198 691 3274 conspicuumque
706 3197 818 3274 polum.
