2940 3552
84 101 116 147 26
312 95 677 144 METAMORPHOSEON
697 95 717 143 Ι.
752 103 855 144 500-560.

84 274 131 323 est
147 263 262 323 vidisse
278 261 354 322 satis
367 288 373 334 ς
397 262 502 323 laudat
517 261 692 340 digitosque
707 280 878 338 manusque
1034 273 1080 326 500

85 362 291 439 bracchiaque
306 372 337 421 et
353 363 454 422 nudos
470 361 571 422 media
587 363 654 437 plus
669 371 756 439 parte
773 361 913 420 lacertos

76 462 558 546 §anfflllssta-QQ
602 461 692 540 Fugit
708 461 793 552 ¹ocior
808 480 880 520 aura

85 562 136 622 illa
150 561 219 636 levi,
237 581 337 639 neque
353 562 393 622 ad
408 561 485 621 haec
501 559 675 621 revocantis
690 562 784 620 verba
799 561 930 621 resistit:

129 663 300 742 ‘Nympha
312 679 428 739 precor,
442 662 544 730 Penei,
559 665 666 720 manet
691 680 752 720 non
763 661 909 736 insequor
918 659 1017 719 hostis
1029 684 1034 728 ;

13 747 31 802 ἶ
86 762 228 840 nympha,
245 779 335 821 mane
349 743 360 820 l
379 761 424 820 sic
438 779 518 839 agna
534 761 648 837 lupum,
665 761 709 820 sic
725 779 814 820 cerva
827 761 956 832 leonem,
1035 751 1116 823 505

87 863 132 921 sic
147 861 281 938 aquilam
299 879 402 937 penna
417 859 540 939 fugiunt
555 860 728 936 trepidante
744 860 914 931 columbae,

87 961 192 1020 hostes
208 978 349 1038 quaeque
366 977 447 1019 suos.
493 961 588 1020 Amor
603 969 651 1019 est
666 959 739 1018 mihi
756 978 849 1018 causa
865 957 1024 1035 sequendi.

88 1062 141 1119 Me
158 1060 319 1119 miserum!
343 1077 382 1118 ne
398 1077 497 1135 prona
512 1059 615 1130 cadas,
632 1059 796 1137 indignave
811 1058 891 1118 laedi

88 1178 175 1218 crura
190 1169 299 1219 notent
314 1168 428 1231 sentes,
446 1168 477 1218 et
492 1157 549 1218 sim
566 1158 621 1218 tibi
638 1177 732 1218 causa
747 1158 869 1219 doloris.

89 1263 216 1336 Aspera,
232 1277 294 1335 qua
309 1277 466 1335 properas,
482 1257 551 1318 loca
566 1268 645 1317 sunt.
692 1259 893 1331 Moderatius,
911 1277 972 1329 oro,
1036 1270 1083 1322 5¹0

87 1377 184 1431 curre,
199 1359 365 1437 fugamque
381 1357 504 1430 inhibe;
528 1357 716 1418 moderatius
731 1357 876 1434 insequar
890 1357 966 1435 ipse.

89 1458 147 1520 Cui
162 1458 296 1537 placeas,
312 1458 432 1534 inquire
448 1467 560 1517 tamen.
607 1460 677 1517 Nou
693 1457 795 1518 incola
810 1458 931 1529 montis,

89 1578 150 1619 non
166 1577 224 1637 ego
239 1576 306 1618 sum
322 1567 436 1637 pastor,
453 1577 515 1618 non
532 1558 582 1617 hic
597 1568 736 1618 armenta
751 1577 921 1636 gregesque

89 1658 229 1719 horridus
244 1659 385 1719 observo.
430 1658 551 1731 Nescis,
570 1659 739 1731 temeraria,
756 1659 858 1720 nescis

89 1778 180 1836 quem
195 1759 306 1838 fugias,
323 1759 561 1844 bimuliillgiss·
609 1759 686 1818 Mihi
704 1760 855 1838 Delphica
871 1761 961 1820 tellus
1038 1773 1084 1826 5¹5

89 1870 120 1920 et
136 1860 245 1921 Claros
260 1869 292 1919 et
307 1861 452 1921 Tenedos
469 1847 660 1938 Patareaque
675 1861 758 1939 regia
773 1861 875 1922 servit.

91 1960 230 2039 Iuppiter
245 1969 292 2020 est
306 1960 433 2039 genitor.
481 1963 537 2021 Per
553 1979 613 2031 me,
627 1961 708 2038 quod
725 1961 842 2039 eritque
859 1961 976 2036 fuitque

90 2072 196 2137 estque
212 2069 315 2137 patet;
339 2078 394 2137 per
409 2078 457 2119 me
473 2060 661 2148 concordant
676 2059 811 2119 carmina
827 2060 937 2120 nervis.

91 2163 184 2247 Certa
199 2159 323 2244 qpidem
340 2169 445 2220 nostra
460 2169 516 2246 est,
535 2170 640 2220 nostra
656 2171 759 2220 tamen
775 2180 836 2246 una
853 2160 965 2238 sagitta

7 2260 8 2263 ’
90 2261 207 2334 certior,
224 2261 255 2320 in
272 2279 369 2320 vacuo
385 2280 464 2337 quae
480 2245 606 2320 vulnera
622 2244 747 2338 pectore
761 2261 843 2322 fecit.
1039 2291 1086 2342 520

91 2365 256 2423 Inventum
272 2361 426 2421 medicina
442 2381 542 2423 meum
558 2371 615 2433 est,
632 2362 792 2438 opiferque
808 2381 862 2439 per
876 2363 982 2421 orbem

90 2464 183 2534 dicor,
202 2473 233 2523 et
247 2463 411 2523 herbarum
427 2462 567 2522 subiecta
582 2462 722 2539 potentia
737 2461 836 2522 nobis.

92 2563 126 2622 Ei
142 2563 225 2637 mihi,
243 2564 326 2642 quod
342 2562 435 2623 nullis
451 2581 536 2622 amor
550 2571 598 2621 est
614 2561 761 2622 sanabilis
777 2563 890 2635 herbis,

91 2683 147 2723 nec
162 2673 291 2741 prosunt
305 2661 430 2723 domino
446 2681 525 2739 quae
541 2671 671 2738 prosunt
682 2661 825 2720 omnibus
842 2672 923 2721 artes
936 2663 960 2722 l’

133 2764 223 2824 Plura
240 2765 410 2824 locuturum
426 2762 535 2822 timido
553 2765 668 2822 Peneia
684 2781 773 2821 cursu
1040 2795 1087 2846 5²5

91 2864 169 2942 {ugit
183 2883 315 2941 cumque
331 2864 398 2941 ipso
414 2863 508 2923 verba
522 2862 703 2940 imperfecta
718 2862 848 2939 reliquit,

90 2975 154 3023 tum
170 2983 293 3041 quoque
307 2965 374 3024 visa
390 2964 514 3023 decens.
560 2963 730 3024 Nudabant
745 2981 873 3040 corpora
887 2962 980 3035 venti,

91 3065 243 3140 obviaque
258 3064 403 3124 adversas
417 3063 579 3122 vibrabant
596 3062 719 3121 flamina
734 3070 845 3131 vestes,

92 3175 122 3220 et
137 3163 212 3222 levis
229 3163 376 3239 impulsos
390 3171 472 3221 retro
487 3162 582 3222 dabat
598 3181 672 3221 aura
686 3161 823 3239 capillos,
