2940 3552
107 105 140 156 20
335 101 698 152 METAMORPHOSEON
719 101 738 149 Ι.
773 111 877 150 tao-³9⁴.

108 272 167 332 iam
183 289 328 332 revocare,
341 270 424 330 dato.
471 272 557 330 Cava
571 269 684 329 bucina
700 269 831 329 sumitur
845 267 887 328 iili
1053 279 1101 334 335

108 371 227 445 tortilis,
244 371 275 431 in
292 370 386 431 latum
403 389 483 449 quae
498 370 620 431 turbine
636 370 745 430 crescit
761 369 799 430 ab
816 369 885 441 imo,

108 473 229 546 bucina,
246 490 334 550 quae,
353 471 454 533 medio
469 471 612 548 concepit
628 470 681 530 ubi
697 474 768 531 aira
784 481 888 549 ponto,

108 573 196 634 litora
211 591 287 634 voce
302 572 400 650 replet
414 573 472 632 sub
489 573 617 649 utroque
633 571 764 632 iacentia
782 571 917 632 Phoebo.

108 676 197 736 Tunc
213 693 345 771 qugque
363 683 396 773 qt
408 669 670 784 {rqdfirqad'da
686 667 820 795 &fenile
836 671 932 754 barba

108 755 238 856 contigit
252 735 413 837 etcecinii
425 761 526 836 iussos
541 691 647 836 inflala
662 785 812 852 receptus,
836 762 844 798 ²
1054 786 1102 838 340

109 878 253 939 omnibus
268 875 374 938 audita
389 887 437 937 est
452 875 568 938 telluris
584 886 615 936 et
629 875 770 954 aequoris
787 874 885 946 undis,

109 990 140 1039 et
156 978 267 1056 quibus
282 988 330 1039 est
345 977 436 1038 undis
451 976 564 1052 audita,
580 977 715 1038 coercuit
730 995 847 1036 omnes.

112 1081 252 1141 Flumina
267 1081 439 1153 subsidunt,
456 1080 612 1156 collesque
627 1078 709 1140 exire
724 1079 884 1151 videntur;

11 1189 13 1194 '
110 1180 170 1240 iam
185 1199 268 1242 mare
283 1179 357 1241 litus
372 1180 474 1253 habet,
492 1180 600 1258 plenos
616 1179 699 1257 capit
713 1179 819 1240 alveus
834 1199 947 1250 amnes,

110 1280 206 1359 surgit
221 1282 340 1354 liumus,
357 1290 499 1341 crescunt
515 1280 583 1339 loca
602 1279 852 1340 decrescentibus
869 1281 967 1341 undis.
1054 1292 1101 1346 343

112 1383 248 1458 Postque
264 1381 344 1442 diem
359 1380 481 1459 longam
498 1379 613 1440 nudata
628 1378 789 1440 cacumina
804 1379 898 1440 silvae

110 1481 277 1542 ostendunt
293 1481 459 1558 limumque
474 1489 581 1541 tenent
596 1479 626 1538 in
643 1480 751 1540 fronde
767 1480 914 1541 relictum.

153 1581 308 1642 Redditus
323 1580 406 1641 orbis
421 1591 494 1641 erat.
539 1580 637 1655 Quem
655 1589 819 1657 postquam
835 1580 910 1639 vidit
928 1579 1057 1650 inanem,

110 1692 141 1740 et
156 1681 311 1742 desolatas
327 1700 418 1761 agere
434 1681 496 1741 alta
511 1680 632 1742 silentia
646 1689 751 1753 terras,

113 1780 283 1842 Deucalion
298 1781 431 1841 lacrimis
448 1780 489 1841 ita
506 1780 651 1859 Pyrrham
667 1780 780 1841 allator¹
792 1782 926 1841 obortis:
1054 1794 1102 1846 350

112 1881 158 1940 ‘O
174 1900 268 1954 soror,
284 1900 304 1941 o
319 1881 461 1953 coniunx,
478 1880 626 1941 oiemina
641 1880 706 1940 sola
721 1891 885 1958 superstes,

111 1999 202 2058 quam
218 2000 379 2042 commune
395 1981 468 2040 mihi
484 1999 582 2058 genus
597 1991 628 2042 et
644 1981 790 2058 patruelis
805 1982 899 2058 origo,

111 2081 223 2142 deinde
239 2091 323 2141 torus
340 2081 446 2154 iunxit,
464 2099 545 2141 nunc
562 2081 628 2158 ipsa
644 2080 779 2158 pericula
795 2082 932 2159 iungunt,

110 2190 266 2255 terrarum,
282 2200 493 2259 quascumque
509 2181 614 2242 vident
629 2200 758 2243 occasus
774 2192 804 2242 et
819 2194 911 2252 ortus,

71 2284 75 2293 '
111 2299 168 2340 nos
183 2281 245 2342 duo
260 2282 350 2341 turba
365 2301 488 2354 sumus3
512 2280 653 2364 possedit
667 2293 768 2342 cetera
784 2293 904 2360 pontus.
1056 2297 1101 2348 355

114 2381 202 2440 Haec
217 2400 340 2458 quoque
356 2381 457 2442 adhuc
472 2381 553 2442 vitae
569 2399 630 2442 non
646 2393 694 2442 est
709 2382 821 2443 fiducia
836 2393 959 2442 nostrae

8 2483 9 2521 l
110 2490 193 2541 certa
208 2481 302 2552 satis;
326 2491 440 2542 terrent
455 2481 547 2542 etiam
565 2501 647 2542 nunc
662 2482 769 2542 nubila
783 2493 924 2542 mentem.

10 2656 11 2665 ἵ
110 2581 189 2656 Quis
204 2580 269 2654 tibi,
287 2580 314 2642 si
329 2581 397 2642 sine
413 2601 462 2644 me
477 2581 550 2642 latis
565 2590 671 2660 erepta
685 2581 807 2656 fuisses,

111 2700 193 2743 nunc
207 2681 336 2755 animus,
353 2681 535 2756 miseranda,
550 2683 651 2744 toret?
674 2703 735 2761 quo
750 2684 816 2744 sola
832 2685 968 2743 timorem

110 2783 188 2844 lerre
203 2782 295 2843 modo
311 2785 441 2861 posses?
464 2801 526 2860 quo
541 2784 720 2844 consolante
735 2783 875 2844 doleres?
1055 2784 1102 2848 3⁶0

112 2885 253 2961 Namque
268 2901 335 2963 ego,
352 2882 443 2944 crede
459 2882 543 2957 mihi,
559 2883 584 2944 si
601 2893 630 2944 te
646 2902 768 2962 quoque
784 2893 897 2961 pontus
914 2886 1048 2955 haberet,

111 2992 141 3042 te
156 3001 308 3060 sequerer,
325 2983 466 3058 coniunx,
483 2993 515 3044 et
530 3003 579 3044 me
594 3002 717 3061 quoque
732 2994 845 3062 pontus
862 2977 997 3046 haberet.

111 3083 139 3143 Ο
156 3083 271 3143 utinam
287 3101 409 3161 possem
424 3083 557 3162 populos
573 3102 714 3162 reparare
729 3085 868 3162 paternis

112 3183 228 3243 artibus
244 3194 335 3260 atque
351 3183 469 3244 animas
484 3185 635 3245 formatae
650 3185 812 3246 infundere
827 3191 943 3247 terrae!
