2940 3552
97 125 130 176 48
317 123 680 173 METAMORPHOSEON
700 124 736 172 11.
771 134 867 172 aas-art

100 297 210 354 Hosne
226 294 301 354 mihi
316 296 442 366 fructus,
460 296 542 353 hunc
557 293 723 354 fertilitatis
738 293 884 354 honorem
1045 291 1092 359 285

99 395 252 473 officiique
268 396 372 467 refers,
390 394 474 473 quod
490 394 603 454 adunci
618 392 745 453 vulnera
760 393 849 454 aratri

98 508 325 574 rastrorumque
340 496 407 556 fero
423 504 549 573 totoque
565 513 708 555 exerceor
724 513 814 567 ann0,

98 597 180 674 quod
196 596 301 675 pecori
316 596 450 670 frondes,
468 578 676 674 alimentaque
692 594 787 668 mitia,
804 595 907 673 fruges

98 699 233 758 humano
248 698 363 778 generi,
380 697 469 759 vobis
485 717 607 776 quoque
624 706 692 757 tura
708 695 869 756 ministro?

100 800 161 860 Sed
176 811 279 860 tamen
295 799 422 861 exitium
437 800 487 860 fac
502 818 551 859 me
567 799 726 873 meruisse,
742 798 816 876 quid
832 798 941 868 undae,
1044 809 1091 860 ²90

99 901 173 977 quid
189 901 298 962 meruit
313 903 429 962 frater?
452 920 506 962 cur
520 900 562 960 illi
578 899 690 960 tradita
706 910 788 960 sorte

99 1019 234 1078 aequora
249 1001 432 1062 decrescunt
446 1012 478 1061 et
492 1002 532 1061 ab
548 1002 670 1060 aethere
686 999 807 1076 longius
822 1000 956 1059 absunt?

100 1100 220 1173 Quodsi
236 1120 293 1160 nec
308 1100 412 1161 fratris
427 1121 485 1162 nec
500 1112 530 1160 te
546 1121 614 1160 mea
629 1099 726 1178 gratia
741 1099 847 1177 tangit,

99 1210 130 1257 at
147 1200 224 1259 caeli
240 1200 383 1260 miserere
399 1200 453 1260 tui.
498 1199 710 1277 Circumspice
726 1210 896 1275 utrumque,

98 1300 196 1360 fumat
211 1310 339 1377 uterque
355 1301 453 1377 polus.
498 1300 585 1376 Quos
601 1300 627 1359 si
643 1299 795 1359 vitiaverit
810 1299 898 1376 ignis,
1043 1309 1089 1361 295

98 1399 175 1457 atria
191 1411 292 1459 vestra
308 1411 404 1460 ruent.
449 1400 537 1458 Atlas
552 1419 591 1459 en
608 1399 673 1477 ipse
688 1399 807 1459 laborat

100 1499 211 1576 vixque
227 1499 291 1559 suis
306 1499 419 1558 umeris
435 1500 618 1560 candentem
635 1499 765 1558 sustinet
781 1518 877 1558 axem.

100 1599 131 1658 Si
147 1600 234 1672 freta,
253 1599 278 1657 si
294 1610 392 1659 terrae
409 1610 545 1676 pereunt,
563 1599 588 1658 si
604 1598 688 1676 regia
704 1599 790 1671 caeli,

99 1700 129 1756 in
145 1700 240 1758 chaos
256 1699 416 1775 antiquum
432 1699 657 1758 confundimur.
703 1699 794 1774 Eripe
811 1697 941 1756 flammis

99 1799 125 1856 si
141 1799 216 1875 qnid
232 1800 333 1858 adhuc
349 1809 498 1877 superest,
516 1810 546 1858 et
562 1818 661 1858 rerum
678 1798 805 1858 consule
821 1798 976 1857 summae'
1042 1810 1090 1860 300

142 1900 270 1958 Dixerat
285 1900 362 1959 haec
377 1900 501 1971 Tellus3
524 1918 625 1976 neque
641 1897 722 1957 enim
738 1898 867 1957 tolerare
883 1915 1026 1974 vaporem

100 1999 226 2057 ulterius
242 1999 341 2075 potuit
357 2019 414 2059 nec
430 1999 533 2060 dicere
550 1999 644 2076 plura,
662 2017 810 2074 suumque

99 2098 214 2156 rettulit
229 2116 265 2156 os
280 2099 311 2156 in
328 2117 361 2158 se
377 2099 582 2176 propioraque
598 2099 740 2158 manibus
756 2109 851 2157 antra.

100 2202 140 2257 At
156 2208 243 2276 pater
258 2199 464 2276 omnipotens,
481 2218 609 2277 superos
624 2208 754 2259 testatus
770 2208 800 2257 et
816 2199 915 2274 ipsum

99 2299 151 2375 qui
168 2299 296 2358 dederat
313 2318 428 2372 currus,
445 2300 504 2359 nisi
520 2318 608 2376 opem
626 2299 713 2369 ierat,
730 2297 833 2357 omnia
848 2298 911 2356 lato
1042 2309 1089 2362 305

99 2398 258 2458 interitura
273 2400 366 2478 gravi,
385 2419 534 2459 summam
550 2400 627 2477 petit
643 2399 757 2458 arduus
773 2417 871 2458 arcena

100 2499 181 2559 unde
197 2500 275 2559 solet
291 2500 361 2560 latis
377 2502 475 2561 nubes
491 2500 636 2560 inducere
652 2499 750 2572 terrio,

100 2601 181 2659 unde
197 2611 298 2660 movet
313 2601 444 2660 tonitrus
459 2600 640 2677 vibrataque
655 2599 785 2657 fulmina
800 2599 901 2658 iactat.

102 2701 162 2760 Sed
178 2720 278 2779 neque
294 2722 372 2780 quas
388 2712 494 2780 posset
510 2701 599 2763 terris
615 2701 761 2761 inducere
776 2700 875 2759 nubes

100 2811 173 2862 tunc
188 2802 303 2876 babuit,
321 2823 379 2864 nec
394 2822 471 2880 quos
487 2803 573 2863 caelo
589 2801 761 2862 demitteret
776 2800 897 2860 imbres.
1043 2811 1091 2863 3¹0

103 2905 225 2962 Intonat
241 2913 272 2964 et
287 2904 393 2963 dextra
409 2904 551 2963 libratum
567 2903 682 2962 fulmen
698 2902 738 2961 ab
754 2920 825 2960 aure

102 3003 181 3062 misit
198 3003 229 3062 in
244 3005 379 3081 aurigam
395 3003 570 3082 pariterque
587 3002 751 3080 animaque
766 2994 900 3077 rotisque

101 3103 216 3181 expulit
232 3113 263 3163 et
279 3104 378 3164 saevis
394 3104 584 3182 compescuit
600 3103 722 3180 ignibus
739 3101 832 3180 ignes.

102 3205 346 3263 Consternantur
361 3205 432 3280 equi
447 3214 477 3264 et
494 3205 572 3263 saltu
589 3203 619 3262 in
635 3202 788 3263 contraria
802 3202 886 3261 facto
