2940 3552
706 65 923 116 t’rIAETllON.

266 217 270 224 ’
319 238 435 313 Magna
450 235 540 313 petis,
559 235 730 307 Pha'e'thon,
746 244 778 296 et
792 253 871 312 quae
887 253 945 295 nec
960 234 1076 296 viribus
1092 237 1159 297 istis

318 356 444 396 munera
460 335 647 397 conveniant
662 355 720 396 nec
735 345 797 395 tam
814 335 983 412 puerilibus
999 336 1096 397 annis.

319 440 392 499 Sors
406 448 460 498 tua
474 436 620 498 mortalis.
667 437 737 497 Non
754 445 802 497 est
817 435 945 497 mortale
960 439 1044 514 quod
1059 448 1157 516 optas.

321 541 392 599 Plus
408 538 501 599 etiam
517 557 609 616 quam
625 538 708 617 quod
724 538 844 616 superis
861 538 1040 617 contingere
1055 539 1103 600 fas
1118 550 1175 612 est,

318 641 440 702 nescius
456 640 604 702 adfectas.
650 639 775 701 Placeat
791 640 850 700 sibi
866 640 996 719 quisque
1013 641 1125 714 licebit,

319 761 381 802 non
397 753 499 803 tamen
516 742 647 822 ignifero
663 743 826 821 quisquam
842 741 1011 804 consistere
1027 741 1058 802 in
1075 761 1132 804 axe

318 862 367 903 me
384 844 465 904 valet
480 855 616 922 excepto.
662 841 751 904 Vasti
768 863 891 922 quoque
907 853 1007 905 rector
1022 842 1155 922 Olympi,

318 944 371 1024 qui
386 945 451 1007 fera
466 945 593 1006 terribili
610 945 759 1006 iaculatur
773 945 903 1005 fulmina
919 945 1033 1017 dextra,

319 1067 381 1106 non
397 1048 540 1125 agathos
555 1067 679 1121 currus;
703 1056 734 1107 et
749 1047 824 1123 quid
841 1048 915 1107 Iove
931 1047 1030 1107 maius
1045 1047 1215 1107 habemus?

320 1148 424 1208 Ardua
440 1147 538 1226 prima
553 1149 602 1207 via
618 1158 665 1208 est
680 1158 711 1207 et
726 1167 790 1226 qua
806 1147 855 1206 vix
871 1166 961 1207 mane
976 1157 1116 1208 recentes

319 1248 474 1309 enitantur
489 1248 568 1327 equi.
614 1249 721 1310 Medio
736 1259 784 1309 est
800 1249 951 1310 altissima
965 1248 1061 1324 caelo,

320 1349 401 1411 unde
418 1369 500 1411 mare
515 1359 546 1410 et
560 1361 657 1410 terras
674 1349 732 1428 ipsi
748 1350 823 1410 mihi
839 1368 933 1428 saepe
949 1350 1053 1410 videre

320 1451 353 1511 tit
369 1450 467 1523 timor,
484 1460 514 1512 et
529 1451 642 1528 pavida
658 1451 792 1530 trepidat
807 1452 971 1512 formidine
987 1433 1104 1529 pectus.

321 1551 437 1610 Ultima
452 1570 551 1629 prona
566 1552 615 1610 via
631 1562 677 1612 est
693 1562 724 1612 et
740 1562 810 1630 eget
827 1552 1037 1612 moderamine
1052 1561 1154 1624 certo;

320 1662 392 1712 tunc
408 1651 509 1724 etiam,
526 1672 605 1730 quae
622 1671 671 1712 me
686 1652 836 1713 subiectis
851 1652 965 1730 excipit
979 1652 1081 1726 undis,

320 1770 358 1810 ne
374 1752 455 1810 ierar
471 1750 502 1811 in
518 1772 676 1831 praeceps,
695 1753 814 1834 Tethys
829 1753 909 1813 solet
924 1753 992 1830 ipsa
1007 1752 1113 1814 vereri.

321 1853 410 1912 Adde
427 1853 511 1929 quod
526 1853 658 1914 adsidua
673 1854 789 1932 rapitur
804 1854 953 1933 vertigine
969 1853 1087 1914 caelum

320 1953 484 2031 sideraque
501 1954 563 2014 alta
579 1955 672 2016 trahit
687 1954 840 2033 celerique
857 1955 1011 2016 volumine
1027 1964 1158 2032 torquet.

321 2054 410 2114 Nitor
426 2054 457 2113 in
473 2055 646 2130 adversum,
663 2075 721 2116 nec
736 2075 794 2129 me,
811 2056 863 2133 qui
879 2067 990 2130 cetera,
1007 2055 1101 2116 vincit

321 2154 462 2231 impetus
479 2165 509 2216 et
524 2156 632 2233 rapido
648 2156 819 2216 contrarius
835 2157 948 2218 evehor
962 2155 1037 2217 orbi.

322 2256 418 2334 Finge
434 2256 523 2316 datos
539 2275 652 2317 currus.
698 2256 782 2332 Quid
799 2260 894 2336 ages?
940 2258 1100 2318 Poterisne
1115 2258 1221 2318 rotatis

320 2356 429 2416 obvius
447 2356 490 2417 ire
506 2358 585 2436 polis
601 2377 640 2417 ne
657 2369 688 2418 te
704 2357 783 2419 citus
799 2360 918 2418 auferat
934 2358 1020 2420 axis?

322 2458 463 2518 Forsitan
478 2469 509 2519 et
524 2457 611 2520 lucos
627 2459 688 2520 illic
704 2461 857 2538 urbesque
873 2460 1000 2521 deorum

321 2559 478 2637 concipias
494 2560 596 2620 animo
612 2561 802 2639 delubraque
819 2561 895 2621 ditia
911 2561 1001 2621 donis

321 2664 411 2720 esse?
457 2663 515 2720 Per
531 2661 660 2722 insidias
676 2662 734 2723 iter
749 2672 796 2722 est
812 2663 988 2740 formasque
1003 2663 1144 2723 ferarum.

323 2762 428 2839 thue
443 2763 523 2822 viam
539 2773 647 2825 teneas
664 2762 811 2842 nulloque
827 2782 928 2824 errore
944 2764 1082 2838 traharis,

322 2881 376 2940 per
392 2873 495 2926 tamen
511 2866 633 2927 adversi
647 2865 797 2946 gradieris
813 2884 928 2926 cornua
943 2865 1039 2926 Tauri

324 2965 580 3046 Haemoniosque
596 2987 686 3028 arcus
701 2966 891 3044 violentique
907 2986 962 3027 ora
979 2967 1092 3028 Leonis

322 3083 477 3145 saevaque
492 3068 620 3129 circuitu
637 3078 814 3128 curvantem
830 3068 976 3128 bracchia
992 3068 1084 3145 longo

324 3166 472 3244 Scorpion
488 3179 582 3246 atque
598 3167 686 3227 aliter
701 3177 879 3227 curvantem
896 3167 1040 3226 bracchia
1056 3169 1219 3226 Cancrum.
