2940 3552
734 108 894 158 LYCAON.

317 277 466 351 eluentis,
482 296 501 338 o
516 277 629 357 superi,
645 289 728 340 tutos
743 279 809 339 iore
826 278 950 340 creditis
966 278 1044 353 illos,

315 398 383 438 cum
399 377 482 454 mihi,
500 378 552 457 qui
567 379 693 453 fulmen,
711 379 763 457 qui
779 399 835 440 vos
852 380 1014 457 habeoque
1029 398 1173 460 rogoque,

314 478 457 540 struxerit
472 478 601 540 insidias
617 492 709 542 notus
724 479 846 542 feritate
863 483 1009 561 Lycaon?
1022 482 1028 510 ’

356 580 577 643 Confremuere
593 601 700 644 omnes
716 581 889 660 studiisque
905 582 1085 644 ardentibus
1101 549 1241 989 ausu]

1266 698 1313 735 200

314 681 386 741 talia
401 683 581 760 deposcunt.
628 684 687 758 Sic,
705 702 774 744 cum
790 701 901 744 manus
916 683 1011 763 impia
1026 685 1125 746 saevit

313 782 464 862 sanguine
480 785 635 846 Caesareo
651 786 826 845 Romanum
842 783 1039 864 exstinguere
1054 805 1176 861 nomen,

314 883 477 945 attonitum
492 895 579 945 tanto
594 884 716 946 subitae
732 896 847 947 terrore
863 886 970 947 ruinae

314 986 480 1044 humanum
495 1004 594 1064 genus
609 996 656 1046 est
673 994 818 1063 totusque
834 987 1007 1064 perhorruit
1021 987 1114 1049 orbis.

315 1087 380 1147 Nec
396 1086 451 1146 tibi
466 1096 554 1164 grata
568 1085 670 1146 minus
685 1087 795 1164 pietas,
813 1089 961 1166 Auguste,
979 1097 1100 1148 tuorum
1116 1098 1171 1162 est,

314 1204 406 1262 quam
421 1186 480 1246 luit
495 1185 546 1246 illa
564 1185 638 1248 lovi.
684 1187 746 1262 Qui
763 1197 925 1265 postquam
942 1208 1017 1250 voce
1034 1206 1187 1266 manuque

315 1303 468 1345 murmura
483 1287 673 1364 compressit,
691 1297 816 1348 tenuere
834 1288 957 1350 silentia
973 1290 1083 1350 cuncti.

316 1385 460 1446 Substitit
475 1397 509 1446 ut
524 1388 646 1461 clamor,
665 1407 792 1466 pressus
808 1389 957 1467 gravitate
973 1390 1116 1468 regentis,

316 1486 454 1563 Iuppiter
469 1488 528 1548 hoc
544 1488 650 1547 iterum
670 1507 812 1550 sermone
827 1489 951 1550 silentia
966 1489 1064 1567 rupit:

335 1627 338 1642 ,
357 1587 431 1646 ‘Ille
448 1587 573 1680 quidem
589 1606 715 1665 poenas,
732 1607 836 1650 curam
854 1590 934 1677 hanc
973 1577 1104 1664 imittite,
1121 1589 1221 1652 solvit.

316 1685 408 1760 Quod
423 1696 526 1747 tamen
542 1687 723 1762 admissum,
739 1681 818 1767 quae
834 1689 874 1750 sit
889 1591 1034 1772 vimina,
1051 1691 1180 1752 docebo.
1267 1705 1315 1742 2¹0

316 1786 497 1866 Contigerat
513 1799 635 1848 nostras
652 1790 779 1850 infamia
794 1790 940 1868 temporis
956 1777 1063 1852 aures:

316 1907 407 1965 quam
423 1887 552 1966 cupiens
568 1889 687 1964 falsam,
705 1909 825 1951 summo
841 1891 969 1952 delabor
984 1892 1118 1970 Olympo

316 1999 348 2049 et
362 1991 439 2052 deus
456 1993 591 2053 humana
607 1991 705 2053 lustro
721 1993 779 2053 sub
796 1991 928 2071 imagine
944 2003 1050 2053 terras.

319 2091 425 2170 Longa
441 2111 527 2152 mora
541 2103 597 2166 est,
616 2102 764 2171 qnantum
781 2112 880 2154 noxae
896 2094 936 2153 sit
952 2093 1066 2171 ubique
1082 2105 1244 2173 repertum,

317 2210 514 2254 enumerare:
536 2194 636 2254 minor
652 2193 711 2256 luit
727 2195 794 2272 ipsa
810 2193 939 2254 infamia
954 2213 1034 2256 vero.
1268 2207 1315 2262 ²¹5

320 2293 464 2372 Maenala
481 2295 662 2356 transieram
679 2295 804 2357 latebris
821 2277 1342 2481 hfflffldffissffie
1390 2345 1461 2384 χ

318 2403 432 2455 etcum
449 2395 577 2475 Cyllene
592 2396 687 2475 gelidi
703 2397 808 2475 pineta
825 2398 947 2476 Lycaei.
1197 2384 1297 2485 siff
1320 2407 1335 2457 ,ἑ
1370 2387 1428 2476 ill

318 2495 448 2575 Arcadis
464 2496 537 2558 hinc
552 2499 643 2558 sedes
658 2509 690 2560 et
706 2498 862 2576 inhbspita
878 2509 959 2559 tecta
974 2498 1096 2578 tyranni
1355 2475 1426 2550 κ’.

318 2595 473 2676 ingredior
488 2598 644 2660 traherent
659 2618 728 2684 cum
745 2617 815 2660 sera
829 2600 1011 2679 crepuscula
1025 2611 1157 2662 noctem.

320 2697 415 2777 Signa
430 2698 503 2759 dedi
518 2698 642 2760 venisse
657 2700 759 2774 deum,
775 2701 948 2779 vulgusque
964 2702 1080 2780 precari
1268 2715 1316 2752 2²0

320 2808 472 2878 coeperat.
518 2800 638 2860 Inridet
653 2800 752 2878 primo
768 2801 819 2879 pia
834 2812 904 2862 vota
921 2804 1064 2882 Lycaon;

319 2918 389 2960 mox
404 2900 464 2962 ait:
489 2901 663 2980 ‘Experiar,
680 2902 758 2962 deus
774 2901 834 2976 hic,
851 2903 1027 2964 discrimine
1043 2913 1158 2982 aperto,

319 3020 358 3061 an
374 3002 412 3063 sit
428 3002 574 3064 mortalis.
620 3005 686 3062 Nec
701 3002 759 3062 erit
774 3003 944 3064 dubitabile
961 3006 1085 3066 verum)

320 3105 419 3164 Nocte
434 3122 557 3182 gravem
574 3123 683 3165 somno
698 3103 851 3182 necopina
866 3106 994 3182 perdere
1009 3114 1107 3166 morte

319 3221 368 3264 me
383 3196 489 3281 parat:
512 3203 589 3266 haec
605 3203 648 3265 illi
664 3206 765 3283 placet
780 3204 969 3281 experientia
982 3205 1055 3266 veri.
1267 3215 1315 3270 ²²5

1237 996 1241 1086 i

1239 1095 1243 1160 i

1240 1163 1244 1300 y
1267 1201 1313 1255 205

1236 1313 1246 1412 i
