2940 3552
69 97 99 145 54
286 94 650 143 METAMORPHOSEON
669 95 705 142 11.
740 104 843 142 §ou-rua.
904 93 912 102 '

67 263 163 335 fulsit,
180 272 211 323 et
227 263 266 322 ad
281 280 390 322 canam
406 263 568 323 descendit
583 263 613 320 in
630 280 764 339 aequora
779 261 900 340 Tethyn

69 363 290 439 Oceanumque
306 381 421 435 senem,
438 382 567 440 quorum
582 361 753 422 reverentia
769 345 862 421 mouit
1015 374 1061 425 5ιο

69 481 161 540 saepe
177 464 262 535 deos,
279 481 466 540 causamque
482 464 549 522 viae
565 463 749 523 scitantibus
765 461 849 520 iniit:

70 562 244 638 ‘Quaeritis
259 563 405 623 aetheriis
420 582 515 640 quare
530 563 635 640 regina
651 563 777 622 deorum

69 663 196 724 sedibus
212 664 272 723 huc
288 663 409 724 adsim?
455 666 513 724 Pro
528 683 576 723 me
592 673 677 723 tenet
692 663 788 722 altera
802 662 929 721 caelum.

71 764 214 836 Mentiar,
231 764 396 824 obscurum
413 763 472 822 nisi
487 783 548 822 nox
564 782 633 822 cum
649 763 756 823 fecerit
771 762 885 830 orbem,

70 882 167 940 nuper
181 863 348 923 honoratas
363 882 490 936 summo,
506 882 574 922 mea
589 863 723 933 vulnera,
741 863 826 921 caelo
1015 871 1061 924 5¹5

70 962 207 1021 videritis
222 963 327 1022 stelias
343 963 405 1022 illic
421 963 473 1021 ubi
488 963 620 1022 circulus
636 980 723 1021 axem

70 1061 194 1121 ultimus
210 1071 379 1121 extremum
394 1061 556 1139 spatioque
571 1061 769 1121 brevissimus
785 1061 887 1120 ambit.

72 1162 127 1220 Est
141 1179 214 1220 vero
229 1181 283 1222 cur
297 1161 367 1238 quis
383 1163 535 1221 Iunonem
550 1161 673 1220 laedere
689 1161 765 1221 nolit

70 1261 284 1338 offensamque
299 1272 417 1335 tremat,
434 1280 513 1339 quae
529 1280 654 1339 prosum
670 1262 737 1320 sola
751 1263 914 1320 nocendo?

71 1360 108 1434 0,
122 1380 180 1439 ego
192 1373 339 1439 quantum
352 1362 417 1439 egi!
451 1363 553 1437 Quam
565 1372 654 1421 vasta
665 1361 804 1438 potentia
816 1372 919 1421 nostra
933 1370 979 1420 est
991 1366 997 1420 Ι
1017 1373 1063 1425 5²0

73 1463 149 1521 Esse
165 1461 318 1522 hominem
334 1462 425 1534 vetui,
442 1463 525 1521 iacta
540 1471 588 1522 est
603 1464 670 1522 dea.
716 1461 766 1522 Sic
782 1480 839 1539 ego
855 1479 971 1538 poenas

72 1560 213 1621 sontibus
228 1563 361 1639 impono,
378 1561 423 1620 sic
439 1573 485 1622 est
501 1583 568 1622 mea
585 1581 695 1640 magna
710 1572 856 1639 potestas.

73 1662 218 1722 Vindicet
234 1662 391 1738 antiquam
407 1663 519 1722 faciem
535 1664 698 1738 vultusque
713 1663 829 1723 ferinos

73 1761 223 1835 detrahat,
242 1762 387 1840 Argolica
402 1763 486 1840 quod
501 1763 532 1820 in
548 1774 620 1822 ante
637 1763 811 1824 Phoronide
827 1764 906 1823 iecit.

75 1863 138 1922 Cur
153 1881 214 1922 non
230 1873 261 1922 et
277 1863 364 1938 pulsa
380 1863 472 1922 ducat
488 1866 608 1924 Iunone
623 1883 752 1941 meoque
1019 1875 1065 1928 525

74 1962 216 2022 conlocet
230 1962 261 2020 in
278 1963 412 2023 thalamo
428 1983 629 2040 socerumque
646 1967 791 2044 Lycaona
805 1969 925 2023 sumat?

76 2066 117 2121 At
132 2081 187 2121 vos
202 2062 228 2121 si
245 2063 345 2121 laesae
361 2075 557 2142 contemptus
573 2064 670 2141 tangit
686 2065 836 2130 alumnae.

76 2164 193 2239 gurgite
209 2165 350 2222 caeruleo
368 2165 490 2241 Septem
508 2165 667 2242 prohibete
683 2165 816 2224 triones)

116 2530 196 2600 (Her
221 2538 335 2598 request
354 2548 420 2584 was
431 2531 563 2603 granted
581 2531 645 2583 and
658 2533 740 2596 Jutro
760 2539 838 2584 suerit
857 2549 942 2600 ‹errray
963 2533 994 2583 in
1014 2531 1068 2583 her

77 2621 191 2674 chariat
210 2622 282 2675 with
303 2622 356 2675 her
370 2624 514 2692 peaccchs.
561 2623 586 2674 Τ
582 2623 616 2674 hc
639 2622 746 2694 change
766 2623 796 2675 in
818 2621 894 2676 them
919 2623 1070 2694 snggcsch

78 2713 199 2784 thalos
213 2713 260 2767 the
279 2731 377 2780 raven,
399 2713 508 2767 turned
523 2715 604 2768 hlack
619 2717 676 2786 sor
693 2715 851 2786 diarchring
870 2715 917 2767 the
938 2714 1067 2785 unsailh-

76 2805 198 2875 snlncss
210 2807 248 2876 of
258 2806 375 2860 Coronis
388 2814 416 2859 lo
429 2806 554 2876 Apollo,·
574 2809 612 2878 os
618 2825 635 2859 a
651 2807 774 2871 maiden,
784 2806 914 2878 changed
924 2814 952 2859 ta
962 2824 980 2859 a
992 2822 1068 2859 crow

77 2898 134 2966 sar
161 2897 317 2969 dthclosing
341 2897 533 2951 Ericthonius
561 2899 592 2952 in
619 2898 665 2952 the
690 2899 804 2961 basken
834 2901 871 2968 as
891 2899 1066 2968 Νγιίίηιιιιι,

78 2988 206 3060 changed
215 2997 243 3042 to
255 3007 295 3042 an
309 2989 384 3052 owl,·
403 2992 441 3061 os
455 2990 604 3061 Ocyrrhad,
619 2991 748 3063 changed
757 2982 784 3044 ta
798 3009 816 3044 a
831 3007 919 3053 mare,
927 2992 1067 3060 sarsore·

79 3078 182 3150 telling
192 3078 239 3133 the
241 3082 312 3151 sate
322 3083 359 3152 os
366 3083 568 3151 Aesculapius,
580 3083 627 3136 ihc
639 3099 690 3134 san
704 3083 741 3152 of
750 3083 871 3136 Coronis
881 3082 945 3134 and
951 3080 1066 3150 Apollo,

80 3170 144 3221 who
157 3189 220 3224 was
233 3172 353 3243 brought
365 3179 393 3226 to
407 3172 453 3225 the
465 3181 586 3226 centunr
600 3173 731 3245 Chiron.)
