2940 3552
101 105 134 155 34
310 103 671 153 METAMORPHOSEON
693 103 712 151 l.
747 103 841 152 trs-11.
853 115 887 153 2³.

105 273 227 352 mugiat,
244 282 275 332 et
290 271 397 332 timide
411 273 506 332 verba
522 271 696 333 intermissa
711 281 884 350 retemptat.

105 375 133 433 N
137 392 197 432 unc
212 372 272 431 dea
287 372 415 450 linigera
430 372 539 432 colitur
554 372 753 432 celeberrima
768 373 866 431 turba.

148 473 231 532 Huic
248 472 396 549 Epaphus
411 471 513 550 magni
529 471 653 551 genitus
667 472 707 532 de
723 472 842 532 semine
856 473 981 533 tandem

105 574 238 634 creditur
253 591 321 633 esse
338 571 430 645 Iovis,
448 590 562 649 perque
578 573 669 633 urbes
685 572 788 632 iuncta
804 573 922 650 parenti

105 674 219 752 templa
234 683 328 734 tenet.
375 671 444 732 Fuit
461 672 531 733 huic
547 672 657 732 animis
671 672 810 748 aequalis
825 682 856 732 et
871 672 960 732 annis
1048 683 1097 735 750

107 775 178 836 Sole
194 783 279 835 satus
295 774 466 834 Phaethon.
507 773 607 849 Quem
623 773 779 849 quondam
794 791 905 852 magna
921 773 1096 850 loquentem

106 893 163 935 nee
179 875 237 934 sibi
253 875 414 936 cedentem
431 874 618 950 Phoeboque
635 884 761 951 parente
777 875 941 951 superbum

107 995 168 1034 non
184 975 253 1034 tulit
269 975 442 1046 Inachides,
460 975 590 1033 ‘Matri’
607 993 667 1051 que
682 973 733 1046 ait,
752 975 872 1034 ‘omnia
887 975 1014 1034 demens

107 1075 216 1148 credis,
233 1085 265 1135 et
279 1094 313 1134 es
328 1074 464 1135 tumidus
479 1074 627 1152 genitoris
642 1075 775 1152 imagine
791 1075 878 1134 falsi.¹

151 1173 278 1234 Erubuit
294 1173 455 1233 Phaethon
471 1172 606 1250 iramque
622 1174 739 1251 pudore
754 1175 897 1251 repressit
1050 1186 1097 1240 755

107 1285 137 1334 et
153 1274 222 1333 tulit
237 1275 276 1333 ad
293 1273 462 1351 Clymenen
480 1274 600 1351 Epaphi
615 1273 756 1334 convicia
771 1284 917 1334 matrem:

109 1374 214 1448 ‘Quo’
229 1393 289 1450 que
307 1373 421 1452 ‘magis
437 1375 552 1446 doleas,
568 1374 727 1451 genetrix,'
743 1374 794 1444 ait,
814 1375 880 1432 ‘ille
896 1394 954 1450 ego
970 1374 1054 1446 liber,

109 1474 158 1533 ille
173 1474 259 1532 ferox
275 1473 364 1534 tacui.
411 1475 509 1533 Pudet
525 1475 601 1534 haec
617 1473 782 1550 opprobria
798 1474 886 1532 nobis

108 1583 138 1632 et
153 1573 214 1632 dici
230 1573 366 1650 potuisse
381 1584 413 1634 et
428 1592 489 1632 non
506 1574 644 1650 potuisse
660 1573 765 1633 refelli.

110 1677 149 1731 At
164 1683 206 1745 tu,
225 1672 250 1732 si
267 1675 358 1733 modo
374 1692 440 1732 sum
457 1674 581 1734 caelesti
598 1673 691 1750 stirpe
707 1685 836 1744 creatus,
1050 1672 1098 1733 76Ο

109 1773 165 1832 ede
182 1783 285 1832 notam
302 1773 377 1832 tanti
393 1774 514 1851 generis
531 1793 640 1850 meque
656 1773 763 1834 adsere
779 1775 883 1832 caelo'

112 1872 195 1932 Dixit
209 1881 241 1931 et
256 1871 406 1948 implicuit
421 1884 559 1934 materno
575 1873 719 1933 bracchia
733 1873 821 1944 collo,

110 1991 224 2048 perque
241 1991 329 2031 suum
347 1973 545 2050 Meropisque
562 1985 654 2049 caput
669 1974 838 2049 taedasque
855 1993 1000 2042 sororum,

109 2073 251 2142 traderet,
267 2073 374 2144 oravit,
391 2073 454 2132 veri
471 2074 529 2133 sibi
547 2075 634 2150 signa
649 2074 795 2150 parentis

152 2172 346 2249 Ambiguum,
365 2176 520 2252 Clymene,
537 2176 680 2252 precibus
699 2175 899 2234 Phaethontis
915 2193 953 2231 an
972 2175 1014 2232 ira
1051 2173 1098 2238 7⁶5

111 2283 192 2332 mota
208 2275 305 2351 magis
320 2275 393 2334 dicti
411 2274 468 2334 sibi
486 2276 629 2346 criminis,
648 2285 774 2351 utraque
790 2275 875 2334 caelo

110 2373 253 2433 bracchia
269 2377 402 2451 porrexit
417 2386 623 2452 spectansque
640 2376 678 2434 ad
695 2375 811 2434 lumina
826 2375 908 2444 solis,

111 2476 187 2532 ‘Per
201 2474 289 2533 iubar
304 2474 383 2545 hoc,’
399 2475 508 2553 inquit,
527 2475 638 2534 ‘radiis
653 2475 773 2552 insigne
789 2475 932 2544 coruscis,

110 2585 189 2647 nate,
206 2574 261 2634 tibi
277 2575 351 2648 iuro,
369 2577 452 2653 quod
469 2595 526 2637 nos
541 2575 687 2654 auditque
703 2575 857 2651 videtque,

110 2676 168 2736 hoc
183 2685 223 2749 te,
240 2694 330 2751 quem
347 2687 480 2753 spectas,
498 2677 557 2737 hoc
572 2687 610 2748 te,
629 2677 680 2753 qui
697 2686 847 2754 temperat
862 2676 976 2746 orbem,
1051 2688 1099 2736 77ο

111 2777 182 2836 Sole
198 2786 307 2837 satum.
348 2777 385 2837 vSi
401 2778 473 2837 ficta
487 2777 605 2856 loquor,
623 2788 715 2858 neget
731 2778 797 2855 ipse
813 2777 977 2836 videndum

110 2898 142 2938 se
158 2878 241 2951 mihi,
259 2878 359 2955 sitque
375 2879 472 2939 oculis
488 2880 538 2939 lux
554 2881 612 2939 ista
628 2879 794 2939 novissima
809 2878 941 2938 nostris.'

111 2983 177 3040 Nec
192 2980 303 3058 longus
318 2979 435 3056 patrios
450 2981 537 3040 labor
553 2991 600 3040 est
616 2981 670 3039 tibi
687 2998 778 3040 nosse
793 2990 930 3056 penates.

111 3081 203 3140 Unde
218 3081 321 3152 oritur,
338 3080 447 3138 domus
463 3091 510 3140 est
526 3091 623 3140 terrae
639 3080 829 3141 contermina
845 3090 975 3138 nostrae.

113 3180 142 3237 Si
160 3181 251 3239 modo
267 3181 325 3240 lert
341 3179 469 3251 animus,
486 3181 624 3256 gradere,
641 3190 671 3238 et
688 3180 839 3240 scitabere
855 3181 894 3238 ab
911 3179 996 3255 ipso!
1052 3190 1100 3245 775
