2940 3552
742 115 894 166 BATTUS.

364 286 477 346 Flebat
487 303 639 364 opemque
655 295 737 344 tunm
753 285 868 344 frustra
883 283 1053 363 Philyreius
1069 283 1168 353 heros,

324 385 484 461 Delphice,
500 385 658 462 poscebat.
704 387 784 444 Nam
799 403 858 444 nec
872 384 1047 445 rescindere
1062 382 1165 460 magni

323 486 407 545 iussa
422 484 506 544 lovis
521 496 653 562 poteras,
671 503 737 559 nec,
754 484 780 545 si
795 483 972 546 rescindere
987 503 1105 563 posses,

322 597 396 647 tunc
411 587 529 646 aderas.
575 585 643 647 Elin
662 587 883 663 Messeniaque
898 603 971 645 arva
986 585 1135 670 colebas.=

323 688 405 748 Illud
419 696 485 748 erat
500 697 622 764 tempus
638 707 699 765 quo
714 697 744 747 te
760 684 896 764 pastoria
910 685 1000 765 pellis
1267 684 1317 735 680

322 787 405 862 texit,
422 806 562 866 onusque
578 787 637 849 tuit
652 788 795 849 baculum
812 787 951 848 silvestre
967 787 1117 860 sinistrae,

323 889 448 950 alterius
464 888 569 965 dispar
584 888 723 966 septenis
739 888 841 948 fistula
855 887 973 950 cannis.

325 991 468 1066 Dumque
484 1009 569 1050 amor
584 1000 632 1050 est
647 1008 747 1062 curae,
763 988 836 1049 dum
852 999 882 1049 te
899 997 951 1048 tua
966 990 1068 1049 fistula
1083 989 1204 1061 mulcet,

323 1089 530 1151 incustoditae
547 1089 650 1169 Pylios
666 1101 872 1149 memorantur
887 1090 919 1148 in
936 1109 1026 1167 agros

323 1189 511 1266 processisse
527 1191 632 1251 boves.
677 1190 772 1249 Videt
787 1191 844 1249 has
859 1189 1019 1250 Atlantide
1037 1190 1122 1249 Maia
1268 1188 1317 1256 685

324 1301 414 1349 natus
429 1301 460 1349 et
475 1301 539 1350 arte
555 1310 610 1350 sua
626 1291 711 1350 silvis
727 1291 861 1351 occultat
877 1291 1013 1351 abactas.

326 1391 471 1451 Senserat
485 1391 545 1451 hoc
560 1393 675 1451 lurtum
692 1412 782 1452 nemo
798 1392 857 1452 nisi
873 1402 965 1452 notus
980 1393 1010 1451 in
1027 1392 1078 1451 illo

324 1511 392 1552 rure
408 1511 520 1566 senex;
545 1495 667 1552 Battum
682 1491 796 1551 vicinia
812 1501 876 1552 tota
890 1494 1053 1555 vocabant.

328 1593 438 1652 llivitis
455 1593 504 1654 hic
519 1594 618 1653 saltus
633 1593 828 1670 herbosaque
845 1613 961 1670 pascua
977 1596 1065 1655 Nelei

324 1693 535 1771 nobiliumque
550 1712 660 1772 greges
675 1705 780 1754 custos
796 1695 940 1755 servabat
955 1680 1110 1773 equarum.
1269 1694 1319 1759 ⁶90
1418 1752 1419 1756 ,

328 1795 420 1853 Hunc
435 1794 537 1854 timuit
551 1795 727 1872 blandaque
744 1815 837 1855 manu
852 1795 974 1855 seduxit
989 1807 1020 1857 et
1034 1795 1077 1857 illi

326 1895 493 1972 ‘Quisquis
510 1916 552 1968 es,
570 1897 704 1972 hospes,’
721 1897 772 1970 ait,
791 1896 832 1956 ‘si
848 1898 927 1959 lorte
943 1910 1080 1959 armenta
1096 1899 1228 1977 requiret

326 1997 402 2056 hnec
417 1996 539 2075 aliquis,
556 1998 672 2058 vidisse
687 2018 784 2077 nega;
809 2018 868 2058 neu
883 2001 982 2076 gratia
996 2001 1080 2060 facto

326 2098 410 2155 nulla
425 2098 619 2174 rependatur,
637 2099 765 2158 nitidam
782 2118 858 2176 cape
873 2100 1009 2177 praemia
1024 2102 1169 2173 vaccam‚'

325 2207 356 2256 et
371 2197 464 2258 dedit.
511 2203 648 2275 Accepta
664 2219 757 2259 voces
773 2200 828 2259 has
845 2200 980 2260 reddidit
996 2201 1117 2278 hospes,
1272 2201 1320 2266 695

327 2298 443 2356 ‘Tutus
459 2317 521 2357 eas.
567 2299 661 2375 Lapis
677 2297 734 2358 iste
749 2299 834 2377 prius
850 2310 903 2358 tua
918 2301 1000 2359 furta
1016 2299 1177 2378 loquetur,'

326 2408 355 2457 et
372 2398 505 2474 lapidem
522 2400 667 2458 ostendit.
714 2400 842 2459 Simulat
861 2403 934 2461 love
950 2409 1041 2460 natus
1057 2401 1149 2475 abire,

327 2517 397 2558 mox
412 2499 490 2558 redit
505 2510 536 2560 et
552 2519 640 2558 versa
655 2499 769 2575 pariter
784 2519 852 2559 cum
868 2520 943 2561 voce
959 2501 1063 2579 figura,

328 2597 484 2670 ‘Rustice,
501 2598 605 2658 vidisti
622 2599 647 2657 si
663 2619 742 2676 quas
758 2601 817 2660 hoc
832 2600 947 2673 limite,’
963 2599 1048 2674 dixit,

326 2697 387 2758 ‘ire
403 2698 507 2769 boves,
524 2699 570 2757 ier
585 2717 675 2774 opem
692 2699 836 2776 furtoque
853 2700 974 2760 silentia
989 2701 1087 2762 deme.
1272 2715 1321 2764 700

328 2800 438 2856 Iuncta
453 2816 509 2856 suo
525 2797 638 2874 pariter
653 2798 777 2857 dabitur
791 2798 847 2858 tibi
862 2799 979 2858 femina
993 2802 1100 2860 tauro!

327 2900 369 2957 At
383 2897 494 2971 senior,
511 2909 676 2975 postquam
692 2908 739 2958 est
754 2917 872 2958 merces
887 2897 1051 2976 geminata,
1070 2901 1152 2960 ‘Sub
1169 2900 1228 2960 illis

326 2997 502 3070 montibus,'
518 2997 627 3074 inquit,
645 3000 773 3058 ‘erunt'
820 3001 857 3058 Et
873 3007 960 3059 erant
975 3000 1033 3059 sub
1049 2999 1206 3060 montibus
1222 2999 1290 3060 illis.

328 3096 409 3156 Risit
425 3097 619 3159 Atlantiades
634 3108 673 3170 et,
692 3100 762 3158 ‘Me
778 3099 861 3170 mihi,
878 3098 1002 3174 perfide,
1018 3099 1145 3175 prodis?

328 3197 381 3256 Me
397 3196 471 3255 mihi
486 3199 592 3276 prodis
603 3199 631 3258 ?'
655 3199 696 3258 ait
712 3198 894 3276 periuraque
911 3207 1036 3275 pectora
1050 3197 1141 3259 vertit
1271 3208 1319 3262 705
