2940 3552
759 77 925 126 DAPHNE.
1304 76 1335 130 25

338 250 431 325 Quod
447 247 522 309 lacit
537 256 676 308 auratum
693 257 741 305 est
756 255 788 305 et
803 245 931 323 cuspide
948 245 1044 324 lulget
1061 257 1170 320 acuta;
1287 259 1337 308 470

337 351 420 428 quod
435 350 523 427 lugat
537 345 683 408 obtusum
700 356 748 407 est
760 357 791 407 et
802 346 897 406 habet
909 347 967 406 sub
980 346 1152 407 harundine
1165 345 1334 425 plumbum.

340 453 410 512 Hoc
425 450 502 510 deus
518 448 549 508 in
566 447 701 528 nympha
718 448 855 508 Peneide
871 446 945 527 fixit,
962 457 994 508 at
1010 446 1062 508 illo

337 551 426 611 laesit
441 549 624 628 Apollineas
640 548 771 610 traiecta
785 568 839 626 per
854 567 927 609 ossa
943 548 1102 610 medullas.

339 651 482 713 Protinus
498 651 575 711 alter
591 660 689 722 amat;
713 648 793 730 fugit
809 650 906 710 altera
921 667 1033 710 nomen
1049 650 1191 723 amantis,
1312 721 1313 724 Ἴ

338 752 482 812 silvarum
497 751 634 812 tenebris
649 751 903 829 captivarumque
918 750 1050 810 ferarum
1287 762 1336 817 475

337 853 454 912 exuviis
469 852 610 930 gaudens
626 851 837 930 innuptaeque
852 850 974 912 aemula
991 851 1140 912 Phoebes.

337 952 423 1012 Vitta
437 953 602 1014 coercebat
618 951 736 1030 positos
752 951 819 1012 sine
835 953 903 1030 lege
919 950 1056 1028 capillos.

380 1052 472 1112 Multi
487 1053 570 1111 illam
587 1052 713 1131 petiere,
732 1050 784 1111 illa
800 1062 941 1112 aversata
956 1061 1097 1130 petentes

338 1151 502 1229 impatiens
517 1171 688 1229 expersque
704 1151 761 1211 viri
778 1171 935 1212 nemorum
953 1151 1021 1210 avia
1037 1151 1154 1225 lustrat,

338 1270 395 1312 nec
406 1251 481 1327 quid
494 1253 627 1330 Hymen,
640 1250 714 1328 quid
727 1255 830 1324 Amor,
843 1252 917 1328 quid
930 1251 993 1312 sint
1004 1251 1147 1324 conubia,
1161 1263 1256 1313 curat.
1287 1251 1336 1314 480

339 1353 438 1429 Saepe
454 1363 541 1429 pater
556 1352 648 1412 dixit:
674 1354 848 1412 ‘Generum
863 1351 1035 1437 mihtnlia,
1052 1352 1168 1412 debes.’

339 1453 438 1528 Saepe
452 1463 540 1529 pater
555 1452 650 1512 dixit:
676 1453 799 1513 ‘Debes
815 1451 898 1524 mihi,
916 1462 997 1524 nata,
1015 1454 1165 1529 nepotes)

340 1551 405 1624 llla,
422 1551 505 1611 velut
519 1551 635 1612 crimen
652 1553 761 1612 taedas
777 1570 870 1623 exosa
885 1552 1011 1630 iugales,

338 1650 466 1728 pulchra
480 1652 656 1712 verecundo
674 1650 862 1712 suffunditur
876 1671 930 1712 ora
945 1652 1065 1727 rubore,

338 1749 431 1828 inque
447 1751 543 1828 patris
558 1751 682 1811 blandis
703 1751 835 1811 haerens
851 1751 971 1811 cervice
986 1752 1118 1826 lacertis,
1287 1753 1336 1822 485

340 1853 407 1910 ‘Da
423 1851 496 1909 mihi
512 1861 670 1929 perpetua,
687 1852 809 1930 genitor
824 1851 1002 1924 carissime,’
1018 1853 1104 1927 dixit,

339 1951 532 2029 ‘virginitate
547 1953 616 2012 frui.
663 1952 758 2013 Dedit
773 1953 832 2012 boc
848 1963 935 2030 pater
950 1963 1022 2014 ante
1040 1953 1178 2018 Dianae’

339 2051 395 2112 Ille
411 2050 537 2128 quidem
553 2052 742 2129 obsequitur.
788 2053 850 2114 Sed
863 2063 893 2112 te
905 2053 999 2115 decor
1011 2053 1070 2116 iste
1082 2058 1165 2132 quod
1181 2068 1269 2134 optas

338 2170 408 2213 esse
423 2161 515 2224 vetat,
532 2161 667 2230 votoque
682 2162 736 2213 tuo
752 2162 804 2214 tua
819 2152 918 2214 forma
933 2165 1092 2234 repugnat.

381 2254 526 2315 Phoebus
542 2262 625 2312 amat
640 2253 787 2330 visaeque
803 2253 888 2332 cupit
903 2255 1037 2315 conubia
1053 2257 1212 2334 Daphnes,
1287 2273 1336 2322 490

338 2355 484 2432 quodque
499 2353 593 2433 cupit,
609 2365 729 2432 sperat;
753 2373 870 2430 suaque
887 2355 971 2415 illum
986 2358 1110 2417 oracula
1125 2359 1244 2420 fallunt.

338 2456 444 2533 thue
460 2454 543 2516 leves
559 2454 692 2533 stipulae
708 2454 841 2533 demptis
858 2456 1020 2517 adolentur
1035 2458 1146 2532 aristis,

338 2565 371 2616 ut
386 2555 507 2617 lacibus
523 2573 635 2632 saepes
650 2556 770 2629 ardent,
786 2575 864 2632 quas
879 2557 959 2618 forte
975 2559 1073 2619 viator

337 2656 386 2717 vel
401 2655 493 2718 nimis
508 2655 645 2716 admovit
659 2656 708 2718 vel
724 2655 785 2716 iam
800 2657 859 2717 sub
874 2658 941 2718 luce
958 2659 1089 2736 reliquit,

336 2757 382 2818 sic
397 2758 475 2818 deus
489 2755 521 2818 in
537 2755 677 2818 flammas
693 2755 777 2830 abiit,
794 2756 839 2819 sic
854 2769 978 2835 pectore
994 2768 1060 2822 toto
1287 2775 1336 2830 495

337 2859 433 2920 uritur
446 2868 480 2940 yet
494 2858 628 2920 sterilem
645 2858 803 2937 sperando
818 2858 913 2920 nutrit
929 2879 1073 2922 amorem.

338 2961 465 3038 Spectat
480 2959 640 3022 inornatos
655 2959 735 3021 collo
750 2960 886 3038 pendere
901 2960 1039 3038 capillos,

337 3070 377 3134 et,
395 3069 405 3097 ‘=
413 3061 506 3136 Quid,
523 3061 549 3122 si
565 3061 768 3123 comanturi'
791 3060 842 3122 ait.
887 3060 981 3123 Videt
998 3061 1069 3142 igne
1085 3064 1233 3125 micantes

337 3160 491 3224 sideribus
507 3161 623 3224 similes
638 3162 753 3231 oculos,
771 3161 855 3222 videt
869 3161 984 3235 oscula,
1002 3181 1081 3238 quae
1097 3182 1159 3222 non
