2940 3552
723 111 951 160 DEUCALION.
1303 107 1333 159 21

338 277 428 337 Nunc
442 293 541 356 genus
557 276 586 336 in
604 275 694 337 nobis
710 285 806 338 restat
822 275 950 338 mortale
966 275 1140 336 duobus-
1287 274 1334 341 3⁶5

337 376 1285 502 sicvisumestsuperis-hominumqueexemplamanemus!

380 476 515 550 Dixerat,
531 488 562 538 et
578 478 701 538 flebant
749 478 867 539 Placuit
884 478 1018 538 caeleste
1035 442 1280 556 precari

337 596 449 638 numen
466 588 498 639 et
513 578 657 638 auxilium
673 598 728 657 per
743 597 849 640 sacras
866 597 1012 655 quaerere
1028 588 1135 639 sortes.
1167 508 1394 644 ΛΜ

337 679 429 738 Nulla
444 697 529 740 mora
544 690 610 752 est3
635 679 751 741 adeunt
769 680 881 759 pariter
898 679 1084 759 Cephisidas
1100 677 1207 752 undas,

337 790 370 839 ut
384 779 521 842 nondum
538 779 679 858 liquidas,
698 781 743 842 sic
757 780 819 861 jam
836 781 916 840 vada
933 790 1005 842 nota
1020 790 1170 841 secantes.
1288 793 1336 846 370

336 881 414 942 Inde
430 880 481 941 ubi
498 880 611 941 libatos
627 880 800 942 inroravere
818 881 953 959 liquores

336 981 473 1042 vestibus
489 993 519 1044 et
535 980 638 1060 capiti,
656 977 783 1044 flectunt
799 980 929 1060 vestigia
944 992 1071 1042 sanctae

335 1082 374 1141 ad
390 1081 519 1143 delubra
533 1082 620 1156 deae,
638 1100 768 1160 quorum
784 1081 909 1160 fastigia
925 1083 1007 1160 turpi

336 1182 492 1260 pallebant
509 1201 614 1244 museo
630 1182 815 1260 stabantque
832 1183 899 1244 sine
915 1182 1039 1262 ignibus
1055 1201 1134 1245 arae.

337 1285 380 1345 Ut
395 1284 500 1362 templi
516 1283 644 1363 tetigere
658 1284 783 1364 graduS,
799 1285 975 1363 procumbit
990 1294 1118 1362 uterque
1287 1297 1335 1352 375

335 1402 450 1462 pronus
466 1385 548 1446 humi
564 1384 728 1464 gelidoque
745 1405 862 1464 pavens
878 1385 964 1447 dedit
979 1385 1085 1446 oscula
1100 1403 1184 1446 saxo.

338 1488 440 1564 Atque
456 1485 506 1560 ita,
524 1487 574 1549 ‘Si
591 1487 754 1565 precibus‚'
772 1487 925 1559 dixerunt,
944 1486 1087 1546 ‘numina
1104 1484 1192 1546 iustis

337 1587 416 1648 victa
431 1588 655 1660 remollescunt,
674 1588 699 1648 si
715 1587 847 1659 flectitur
862 1587 906 1647 ira
922 1587 1058 1659 deorum,

335 1687 395 1761 dic,
411 1686 531 1760 Themi,
548 1707 609 1764 qua
624 1687 746 1766 generis
762 1688 909 1748 damnum
926 1687 1096 1766 reparabile
1113 1687 1208 1747 nostri

336 1798 400 1849 arte
415 1787 465 1861 sit,
481 1798 511 1850 et
527 1789 635 1850 mersis
650 1788 696 1850 ier
711 1807 811 1867 opem,
829 1788 999 1861 mitissima,
1016 1789 1127 1850 rebus.’
1286 1789 1334 1855 380

378 1890 466 1950 Mota
487 1890 545 1951 dea
560 1900 608 1951 est
623 1901 798 1968 sortemque
814 1889 916 1950 dedit:
942 1889 1119 1950 ‘Discedite
1135 1891 1250 1968 templo

335 1999 366 2050 et
381 1990 481 2051 velate
496 2001 590 2070 eaput
606 1991 786 2070 cinctasque
802 1990 947 2052 resolvite
963 2001 1066 2052 vestes

335 2109 469 2168 ossaque
484 2101 554 2170 post
570 2101 687 2170 tergum
704 2109 836 2171 magnae
852 2092 964 2152 iactate
980 2091 1136 2170 parentis!

377 2191 563 2269 Obstipuere
578 2191 641 2263 diu,
657 2192 832 2270 rumpitque
849 2191 973 2252 silentia
989 2211 1063 2252 voce

337 2291 450 2371 Pyrrha
467 2291 549 2369 prior
564 2292 717 2368 iussisque
733 2293 810 2354 deae
826 2310 933 2371 parere
950 2303 1080 2365 recusat,
1285 2293 1333 2358 3⁸5

335 2394 448 2470 detque
464 2391 523 2453 sibi
539 2392 670 2466 veniam,
688 2392 801 2471 pavido
817 2405 904 2471 rogat
920 2411 982 2465 ore,
998 2403 1151 2471 pavetque

334 2491 456 2554 laedere
472 2492 594 2554 iactatis
610 2502 764 2554 maternas
778 2492 904 2554 ossibus
919 2493 1051 2554 umbras.

336 2594 459 2652 interea
473 2603 616 2671 repetunt
631 2593 733 2655 caecis
748 2594 881 2654 obscura
896 2593 1022 2654 latebris

334 2693 428 2752 verba
442 2692 534 2753 datae
549 2693 641 2753 sortis
657 2711 762 2754 secum
778 2692 857 2753 inter
873 2711 967 2770 seque
984 2693 1132 2754 volutant.

335 2792 428 2854 Unde
445 2792 658 2854 Promethides
673 2793 804 2871 placidis
821 2793 1017 2869 Epimethida
1032 2792 1123 2854 dictis
1283 2806 1331 2857 390

334 2892 447 2954 mulcet
462 2902 502 2967 et,
519 2895 601 2954 ‘Aut
615 2893 729 2966 lallarq'
745 2894 823 2968 ait,‘
835 2905 882 2954 est
898 2893 1034 2954 sollertia
1050 2893 1149 2964 nobis,

333 3002 386 3053 aut
401 2993 453 3072 pia
468 3004 539 3054 sunt
555 2993 734 3072 nullumque
751 2996 838 3054 neias
854 2994 979 3054 oracula
993 2994 1134 3054 suadent.
1185 2964 1196 3060 l

334 3093 452 3174 Magna
467 3112 579 3171 parens
595 3103 674 3154 terra
689 3103 745 3166 est,
762 3093 903 3171 lapides'
897 3111 927 3152 m
943 3111 1070 3169 corpore
1086 3102 1183 3152 terrae
1280 3133 1282 3138 -

333 3191 404 3255 ossa
420 3212 488 3254 reor
502 3193 581 3264 dici3
605 3194 704 3254 iacere
721 3195 776 3252 hos
791 3203 861 3270 post
877 3202 961 3266 terga
978 3191 1136 3250 iubemur!
