2940 3552
806 125 852 172 10.

333 295 479 376 languida
495 295 688 373 permulcens
705 293 859 355 medicata
874 292 990 352 lumina
1004 291 1098 370 virga.

335 399 400 458 Nec
415 414 508 471 mora,
524 397 638 456 ialcato
654 404 812 457 nutantem
828 393 968 454 vulnerat
983 411 1058 453 ense

335 517 395 575 qua
410 496 489 557 collo
504 507 552 556 est
566 497 687 557 confine
697 478 803 574 caput,
821 514 957 573 saxoque
972 504 1134 555 cruentum

334 597 428 659 deicit
443 609 473 658 et
489 597 622 657 maculat
636 607 831 676 praeruptam
848 593 998 676 sanguine
1014 614 1129 673 rupem.

336 703 425 777 Arge,
443 697 544 773 iaces;
568 698 713 776 quodque
730 697 760 756 in
776 707 823 758 tot
837 696 954 756 lumina
969 697 1071 756 lumen
1088 696 1235 768 habebas,
1280 706 1329 755 7²0

336 799 517 859 exstinctum
533 809 589 871 est,
599 790 793 876 centumque
809 797 916 858 oculos
932 817 993 856 nox
1008 807 1140 874 occupat
1156 816 1225 856 una.

338 898 457 977 Excipit
473 901 529 960 hos
544 897 739 975 volucrisque
755 917 829 958 suae
847 896 990 958 Saturnia
1006 897 1116 974 pennis

336 998 477 1060 conlocat
491 999 665 1076 etgemmis
681 999 812 1057 caudam
828 998 1024 1057 stellantibus
1040 997 1154 1074 implet.

380 1099 521 1159 Protinus
537 1098 651 1158 exarsit
667 1117 724 1159 nec
739 1107 878 1175 tempora
894 1096 1013 1157 distulit
1028 1097 1101 1171 irae,

337 1199 576 1275 horriferamque
591 1199 689 1259 oculis
704 1197 869 1275 animoque
884 1197 999 1259 obiecit
1017 1197 1129 1276 Erinyn

336 1299 464 1377 paelicis
479 1299 650 1378 Argolicae,
667 1299 869 1377 stimulosque
886 1297 917 1358 in
933 1308 1058 1377 pectore
1074 1317 1184 1359 caecos

337 1399 483 1472 condidit,
499 1409 531 1459 et
545 1399 705 1478 profugam
722 1419 777 1478 per
792 1410 889 1460 totum
906 1399 1013 1460 terruit
1027 1400 1143 1460 orbern.

340 1499 473 1560 Ultimus
490 1500 640 1560 immenso
655 1501 803 1574 restabas,
822 1501 901 1573 Nile,
918 1499 1025 1560 labori.

339 1600 438 1674 Quem
454 1600 583 1661 simulac
597 1600 705 1678 tetigit,
722 1601 832 1678 positis
848 1601 879 1660 in
896 1601 1033 1679 margine
1049 1601 1132 1678 ripae
1211 1681 1214 1686 s
1284 1659 1287 1665 ,

338 1701 499 1776 procubuit
513 1701 653 1778 genibus,
670 1700 877 1779 resupinoque
893 1701 989 1761 ardua
1004 1700 1092 1773 collo,

327 1786 415 1877 ¹quos
431 1801 530 1877 potuit
546 1801 637 1872 solos,
654 1801 766 1862 tollens
781 1802 821 1862 ad
837 1802 939 1863 sidera
954 1804 1064 1874 vultus,

338 1912 368 1961 et
382 1885 497 1980 gemitu
513 1910 544 1962 et
560 1901 693 1962 lacrimis
708 1912 739 1962 et
754 1902 906 1963 luctisono
923 1903 1039 1982 mugitu

338 2021 406 2062 curn
424 2005 497 2061 Iove
512 2002 578 2062 visa
593 2003 679 2079 queri
695 2013 742 2063 est
757 2004 913 2081 finemque
929 2024 1015 2064 orare
1032 2005 1188 2064 malorum.
1255 1985 1259 1993 ¹

323 2171 326 2178 ,
340 2102 488 2181 Coniugis
505 2103 554 2162 ille
570 2123 644 2165 suae
659 2103 838 2182 complexus
854 2106 934 2165 colla
950 2105 1081 2178 lacertis,

338 2203 425 2262 finiat
439 2213 473 2262 ut
488 2222 605 2281 poenas
621 2204 755 2278 tandem,
773 2216 868 2283 rogat,
887 2207 959 2265 ‘ln’
976 2225 1035 2282 que
1053 2207 1203 2266 ‘futurum
1283 2218 1330 2272 735

338 2323 419 2381 pone
435 2305 554 2376 metus,’
572 2303 679 2381 inquit,
698 2311 881 2382 ‘numquam
898 2306 953 2366 tibi
970 2325 1064 2366 causa
1079 2307 1193 2366 doloris

339 2405 416 2464 haec
432 2404 505 2464 erit'
522 2415 553 2464 et
569 2405 690 2482 Stygias
706 2404 791 2465 iubet
807 2406 866 2464 hoc
882 2407 987 2466 audire
1003 2407 1139 2483 paludes.

341 2505 383 2563 Ut
399 2504 492 2564 lenita
507 2505 566 2564 dea
581 2513 637 2576 est,
655 2505 757 2564 vultus
772 2506 856 2582 capit
872 2506 923 2563 illa
940 2505 1055 2582 priores

339 2603 433 2680 fitque
448 2594 531 2680 quod
548 2613 619 2663 ante
634 2603 701 2664 fuit.
748 2605 882 2684 Fugiunt
897 2625 914 2664 e
929 2625 1056 2682 corpore
1072 2617 1185 2677 saetae,

340 2723 453 2764 cornua
468 2704 661 2775 decrescunt,
678 2705 712 2764 fit
727 2705 851 2764 luminis
867 2706 961 2765 artior
975 2707 1067 2778 orbis,

339 2803 528 2863 contrahitur
542 2803 645 2877 rictus,
662 2806 791 2865 redeunt
806 2805 965 2882 umerique
980 2825 1160 2884 manusque,

340 2904 514 2982 ungulaque
531 2905 560 2962 in
578 2905 690 2980 quinos
705 2905 826 2981 'dilapsa
842 2906 1013 2965 absumitur
1028 2926 1154 2985 ungues.

341 3005 388 3064 De
403 3005 482 3064 bove
499 3004 540 3063 nil
557 3014 706 3082 superest,
724 3005 840 3065 formae
858 3005 915 3064 nisi
932 3007 1055 3078 candor,
1074 3008 1103 3066 in
1120 3007 1179 3065 illa.

340 3104 511 3181 Officioque
526 3107 640 3182 pedum
657 3105 790 3184 nymphe
806 3115 951 3165 contenta
968 3107 1096 3165 duorum

339 3205 472 3282 erigitur,
490 3205 658 3282 metuitque
675 3205 768 3280 loqui,
787 3225 824 3263 ne
843 3223 925 3262 more
942 3206 1088 3264 iuvencae
