<?xml version="1.0" encoding="UTF-8"?>
<!DOCTYPE html PUBLIC "-//W3C//DTD XHTML 1.0 Transitional//EN"
    "http://www.w3.org/TR/xhtml1/DTD/xhtml1-transitional.dtd">
<html xmlns="http://www.w3.org/1999/xhtml" xml:lang="en" lang="en">
 <head>
  <title>
</title>
<meta http-equiv="Content-Type" content="text/html;charset=utf-8" />
  <meta name='ocr-system' content='tesseract 3.04.00' />
  <meta name='ocr-capabilities' content='ocr_page ocr_carea ocr_par ocr_line ocrx_word'/>
</head>
<body>
  <div class='ocr_page' id='page_1' title='image "./firstandsecondb00ovidgoog/firstandsecondb00ovidgoog_0053.png"; bbox 0 0 2940 3552; ppageno 0'>
   <div class='ocr_carea' id='block_1_1' title="bbox 97 107 867 160">
    <p class='ocr_par' dir='ltr' id='par_1_1' title="bbox 97 107 867 160">
     <span class='ocr_line' id='line_1_1' title="bbox 97 107 867 160; baseline -0.009 0"><span class='ocrx_word' id='word_1_1' title='bbox 97 111 128 160; x_wconf 83' lang='lat'>28</span> <span class='ocrx_word' id='word_1_2' title='bbox 326 107 689 156; x_wconf 76' lang='lat' dir='ltr'>hlE&#39;l&#39;Ahllllll’llOSEl)N</span> <span class='ocrx_word' id='word_1_3' title='bbox 712 107 729 153; x_wconf 93' lang='grc' dir='ltr'>Ι.</span> <span class='ocrx_word' id='word_1_4' title='bbox 766 118 867 155; x_wconf 64' lang='lat' dir='ltr'>titt-orl.</span> 
     </span>
    </p>
   </div>
   <div class='ocr_carea' id='block_1_2' title="bbox 99 276 1096 2962">
    <p class='ocr_par' dir='ltr' id='par_1_2' title="bbox 99 276 870 353">
     <span class='ocr_line' id='line_1_2' title="bbox 99 276 870 353; baseline -0.005 -15"><span class='ocrx_word' id='word_1_5' title='bbox 99 301 156 338; x_wconf 86' lang='lat' dir='ltr'>vox</span> <span class='ocrx_word' id='word_1_6' title='bbox 171 291 262 338; x_wconf 89' lang='lat' dir='ltr'>canet</span> <span class='ocrx_word' id='word_1_7' title='bbox 278 289 308 336; x_wconf 91' lang='lat' dir='ltr'>et</span> <span class='ocrx_word' id='word_1_8' title='bbox 324 277 425 336; x_wconf 92' lang='lat' dir='ltr'>visent</span> <span class='ocrx_word' id='word_1_9' title='bbox 441 277 548 353; x_wconf 85' lang='lat' dir='ltr'>longas</span> <span class='ocrx_word' id='word_1_10' title='bbox 565 276 719 352; x_wconf 88' lang='lat' dir='ltr'>Capitolia</span> <span class='ocrx_word' id='word_1_11' title='bbox 734 295 870 353; x_wconf 87' lang='lat' dir='ltr'>pompas.</span> 
     </span>
    </p>

    <p class='ocr_par' dir='ltr' id='par_1_3' title="bbox 101 376 815 455">
     <span class='ocr_line' id='line_1_3' title="bbox 101 376 815 455; baseline -0.006 -17"><span class='ocrx_word' id='word_1_12' title='bbox 101 379 242 438; x_wconf 85' lang='lat' dir='ltr'>Postibus</span> <span class='ocrx_word' id='word_1_13' title='bbox 259 377 408 455; x_wconf 83' lang='lat' dir='ltr'>Augustis</span> <span class='ocrx_word' id='word_1_14' title='bbox 424 377 532 435; x_wconf 91' lang='lat' dir='ltr'>eadem</span> <span class='ocrx_word' id='word_1_15' title='bbox 548 376 696 434; x_wconf 88' lang='lat' dir='ltr'>fidissima</span> <span class='ocrx_word' id='word_1_16' title='bbox 711 388 815 434; x_wconf 90' lang='lat' dir='ltr'>custos</span> 
     </span>
    </p>

    <p class='ocr_par' dir='ltr' id='par_1_4' title="bbox 99 477 900 554">
     <span class='ocr_line' id='line_1_4' title="bbox 99 477 900 554; baseline -0.002 -16"><span class='ocrx_word' id='word_1_17' title='bbox 99 491 169 540; x_wconf 88' lang='lat' dir='ltr'>ante</span> <span class='ocrx_word' id='word_1_18' title='bbox 185 481 267 538; x_wconf 81' lang='lat' dir='ltr'>iores</span> <span class='ocrx_word' id='word_1_19' title='bbox 283 477 380 537; x_wconf 89' lang='lat' dir='ltr'>stabis</span> <span class='ocrx_word' id='word_1_20' title='bbox 396 478 590 554; x_wconf 89' lang='lat' dir='ltr'>mediamque</span> <span class='ocrx_word' id='word_1_21' title='bbox 606 477 731 537; x_wconf 87' lang='lat' dir='ltr'>tuebere</span> <span class='ocrx_word' id='word_1_22' title='bbox 747 497 900 553; x_wconf 88' lang='lat' dir='ltr'>quercum.</span> 
     </span>
    </p>

    <p class='ocr_par' dir='ltr' id='par_1_5' title="bbox 100 577 938 657">
     <span class='ocr_line' id='line_1_5' title="bbox 100 577 938 657; baseline -0.007 -17"><span class='ocrx_word' id='word_1_23' title='bbox 100 583 204 657; x_wconf 91' lang='lat' dir='ltr'>thue</span> <span class='ocrx_word' id='word_1_24' title='bbox 220 598 321 638; x_wconf 90' lang='lat' dir='ltr'>meum</span> <span class='ocrx_word' id='word_1_25' title='bbox 338 577 469 637; x_wconf 90' lang='lat' dir='ltr'>intonsis</span> <span class='ocrx_word' id='word_1_26' title='bbox 485 589 577 655; x_wconf 91' lang='lat' dir='ltr'>caput</span> <span class='ocrx_word' id='word_1_27' title='bbox 592 577 639 636; x_wconf 69' lang='lat' dir='ltr'>est</span> <span class='ocrx_word' id='word_1_28' title='bbox 656 577 796 636; x_wconf 85' lang='lat' dir='ltr'>iuvenale</span> <span class='ocrx_word' id='word_1_29' title='bbox 811 579 938 654; x_wconf 88' lang='lat' dir='ltr'>capillis,</span> 
     </span>
    </p>

    <p class='ocr_par' dir='ltr' id='par_1_6' title="bbox 100 677 1091 840">
     <span class='ocr_line' id='line_1_6' title="bbox 100 677 1091 756; baseline 0.001 -15"><span class='ocrx_word' id='word_1_30' title='bbox 100 693 131 741; x_wconf 91' lang='lat' dir='ltr'>tu</span> <span class='ocrx_word' id='word_1_31' title='bbox 148 699 270 756; x_wconf 90' lang='lat' dir='ltr'>quoque</span> <span class='ocrx_word' id='word_1_32' title='bbox 286 689 451 756; x_wconf 91' lang='lat' dir='ltr'>perpetuos</span> <span class='ocrx_word' id='word_1_33' title='bbox 467 696 588 755; x_wconf 89' lang='lat' dir='ltr'>semper</span> <span class='ocrx_word' id='word_1_34' title='bbox 603 696 674 756; x_wconf 86' lang='lat' dir='ltr'>gere</span> <span class='ocrx_word' id='word_1_35' title='bbox 688 677 807 736; x_wconf 78' lang='lat' dir='ltr'>frondis</span> <span class='ocrx_word' id='word_1_36' title='bbox 824 678 975 736; x_wconf 59' lang='lat' dir='ltr'>honores)</span> <span class='ocrx_word' id='word_1_37' title='bbox 1046 677 1091 741; x_wconf 79' lang='lat'>5⁶⁵</span> 
     </span>
     <span class='ocr_line' id='line_1_7' title="bbox 102 779 846 840; baseline -0.005 -1"><span class='ocrx_word' id='word_1_38' title='bbox 102 782 235 840; x_wconf 87' lang='lat' dir='ltr'>Finierat</span> <span class='ocrx_word' id='word_1_39' title='bbox 252 783 364 839; x_wconf 89' lang='lat' dir='ltr'>Paean.</span> <span class='ocrx_word' id='word_1_40' title='bbox 411 780 513 839; x_wconf 89' lang='lat' dir='ltr'>Factis</span> <span class='ocrx_word' id='word_1_41' title='bbox 531 780 621 838; x_wconf 92' lang='lat' dir='ltr'>modo</span> <span class='ocrx_word' id='word_1_42' title='bbox 637 780 740 838; x_wconf 87' lang='lat' dir='ltr'>laurea</span> <span class='ocrx_word' id='word_1_43' title='bbox 756 779 846 836; x_wconf 90' lang='lat' dir='ltr'>ramis</span> 
     </span>
    </p>

    <p class='ocr_par' dir='ltr' id='par_1_7' title="bbox 101 879 903 956">
     <span class='ocr_line' id='line_1_8' title="bbox 101 879 903 956; baseline 0 -18"><span class='ocrx_word' id='word_1_44' title='bbox 101 881 217 953; x_wconf 87' lang='lat' dir='ltr'>adnuit,</span> <span class='ocrx_word' id='word_1_45' title='bbox 236 891 330 956; x_wconf 91' lang='lat' dir='ltr'>utque</span> <span class='ocrx_word' id='word_1_46' title='bbox 346 891 438 956; x_wconf 91' lang='lat' dir='ltr'>caput</span> <span class='ocrx_word' id='word_1_47' title='bbox 454 881 519 938; x_wconf 93' lang='lat' dir='ltr'>visa</span> <span class='ocrx_word' id='word_1_48' title='bbox 535 890 582 939; x_wconf 90' lang='lat' dir='ltr'>est</span> <span class='ocrx_word' id='word_1_49' title='bbox 598 879 732 956; x_wconf 80' lang='lat' dir='ltr'>agitasse</span> <span class='ocrx_word' id='word_1_50' title='bbox 748 898 903 938; x_wconf 84' lang='lat' dir='ltr'>cacumen.</span> 
     </span>
    </p>

    <p class='ocr_par' dir='ltr' id='par_1_8' title="bbox 102 979 1096 2442">
     <span class='ocr_line' id='line_1_9' title="bbox 144 979 1093 1057; baseline -0.004 -17"><span class='ocrx_word' id='word_1_51' title='bbox 144 983 198 1040; x_wconf 87' lang='lat' dir='ltr'>Est</span> <span class='ocrx_word' id='word_1_52' title='bbox 213 999 320 1039; x_wconf 90' lang='lat' dir='ltr'>nemus</span> <span class='ocrx_word' id='word_1_53' title='bbox 340 980 540 1052; x_wconf 89' lang='lat' dir='ltr'>Haemoniae,</span> <span class='ocrx_word' id='word_1_54' title='bbox 552 991 717 1056; x_wconf 86' lang='lat' dir='ltr'>praerupta</span> <span class='ocrx_word' id='word_1_55' title='bbox 729 981 811 1057; x_wconf 91' lang='lat' dir='ltr'>quod</span> <span class='ocrx_word' id='word_1_56' title='bbox 828 981 963 1055; x_wconf 87' lang='lat' dir='ltr'>undique</span> <span class='ocrx_word' id='word_1_57' title='bbox 979 979 1093 1036; x_wconf 87' lang='lat' dir='ltr'>claudit</span> 
     </span>
     <span class='ocr_line' id='line_1_10' title="bbox 102 1080 960 1156; baseline -0.003 -18"><span class='ocrx_word' id='word_1_58' title='bbox 102 1080 186 1139; x_wconf 90' lang='lat' dir='ltr'>silva.</span> <span class='ocrx_word' id='word_1_59' title='bbox 231 1081 352 1139; x_wconf 89' lang='lat' dir='ltr'>Vocant</span> <span class='ocrx_word' id='word_1_60' title='bbox 367 1081 494 1156; x_wconf 84' lang='lat' dir='ltr'>Tempe.</span> <span class='ocrx_word' id='word_1_61' title='bbox 539 1081 596 1138; x_wconf 92' lang='lat' dir='ltr'>Per</span> <span class='ocrx_word' id='word_1_62' title='bbox 612 1099 691 1156; x_wconf 94' lang='lat' dir='ltr'>quae</span> <span class='ocrx_word' id='word_1_63' title='bbox 708 1082 828 1139; x_wconf 85' lang='lat' dir='ltr'>Peneiis</span> <span class='ocrx_word' id='word_1_64' title='bbox 845 1080 883 1137; x_wconf 91' lang='lat' dir='ltr'>ab</span> <span class='ocrx_word' id='word_1_65' title='bbox 900 1081 960 1136; x_wconf 90' lang='lat' dir='ltr'>imo</span> 
     </span>
     <span class='ocr_line' id='line_1_11' title="bbox 102 1179 1094 1254; baseline -0.002 -16"><span class='ocrx_word' id='word_1_66' title='bbox 102 1181 218 1239; x_wconf 83' lang='lat' dir='ltr'>effusus</span> <span class='ocrx_word' id='word_1_67' title='bbox 236 1179 334 1238; x_wconf 91' lang='lat' dir='ltr'>Pindo</span> <span class='ocrx_word' id='word_1_68' title='bbox 350 1179 505 1254; x_wconf 90' lang='lat' dir='ltr'>spumosis</span> <span class='ocrx_word' id='word_1_69' title='bbox 519 1180 651 1238; x_wconf 87' lang='lat' dir='ltr'>volvitur</span> <span class='ocrx_word' id='word_1_70' title='bbox 667 1179 758 1237; x_wconf 91' lang='lat' dir='ltr'>undis</span> <span class='ocrx_word' id='word_1_71' title='bbox 1048 1191 1094 1242; x_wconf 83' lang='lat'>570</span> 
     </span>
     <span class='ocr_line' id='line_1_12' title="bbox 102 1278 789 1356; baseline -0.001 -19"><span class='ocrx_word' id='word_1_72' title='bbox 102 1280 286 1354; x_wconf 91' lang='lat' dir='ltr'>deiectuque</span> <span class='ocrx_word' id='word_1_73' title='bbox 300 1278 385 1356; x_wconf 92' lang='lat' dir='ltr'>gravi</span> <span class='ocrx_word' id='word_1_74' title='bbox 400 1288 510 1338; x_wconf 91' lang='lat' dir='ltr'>tenues</span> <span class='ocrx_word' id='word_1_75' title='bbox 526 1278 674 1354; x_wconf 87' lang='lat' dir='ltr'>agitantia</span> <span class='ocrx_word' id='word_1_76' title='bbox 689 1278 789 1337; x_wconf 80' lang='lat' dir='ltr'>fumos</span> 
     </span>
     <span class='ocr_line' id='line_1_13' title="bbox 102 1377 859 1454; baseline -0.001 -18"><span class='ocrx_word' id='word_1_77' title='bbox 102 1379 207 1438; x_wconf 92' lang='lat' dir='ltr'>nubila</span> <span class='ocrx_word' id='word_1_78' title='bbox 222 1378 376 1451; x_wconf 89' lang='lat' dir='ltr'>conducit,</span> <span class='ocrx_word' id='word_1_79' title='bbox 394 1379 581 1454; x_wconf 89' lang='lat' dir='ltr'>summisque</span> <span class='ocrx_word' id='word_1_80' title='bbox 598 1377 758 1454; x_wconf 87' lang='lat' dir='ltr'>aspergine</span> <span class='ocrx_word' id='word_1_81' title='bbox 775 1379 859 1436; x_wconf 88' lang='lat' dir='ltr'>silvis</span> 
     </span>
     <span class='ocr_line' id='line_1_14' title="bbox 104 1477 827 1555; baseline 0.004 -21"><span class='ocrx_word' id='word_1_82' title='bbox 104 1478 223 1555; x_wconf 92' lang='lat' dir='ltr'>impluit</span> <span class='ocrx_word' id='word_1_83' title='bbox 239 1487 269 1536; x_wconf 90' lang='lat' dir='ltr'>et</span> <span class='ocrx_word' id='word_1_84' title='bbox 284 1479 387 1536; x_wconf 92' lang='lat' dir='ltr'>sonitu</span> <span class='ocrx_word' id='word_1_85' title='bbox 403 1479 472 1555; x_wconf 92' lang='lat' dir='ltr'>plus</span> <span class='ocrx_word' id='word_1_86' title='bbox 488 1498 579 1554; x_wconf 92' lang='lat' dir='ltr'>quam</span> <span class='ocrx_word' id='word_1_87' title='bbox 596 1478 696 1536; x_wconf 89' lang='lat' dir='ltr'>vicina</span> <span class='ocrx_word' id='word_1_88' title='bbox 711 1477 827 1554; x_wconf 79' lang='lat' dir='ltr'>fatigat.</span> 
     </span>
     <span class='ocr_line' id='line_1_15' title="bbox 107 1577 1017 1655; baseline 0 -20"><span class='ocrx_word' id='word_1_89' title='bbox 107 1580 193 1636; x_wconf 88' lang='lat' dir='ltr'>llaec</span> <span class='ocrx_word' id='word_1_90' title='bbox 208 1577 327 1649; x_wconf 87' lang='lat' dir='ltr'>domus,</span> <span class='ocrx_word' id='word_1_91' title='bbox 344 1577 420 1636; x_wconf 93' lang='lat' dir='ltr'>haec</span> <span class='ocrx_word' id='word_1_92' title='bbox 436 1578 535 1650; x_wconf 67' lang='lat' dir='ltr'>sedes</span> <span class='ocrx_word' id='word_1_93' title='bbox 553 1579 629 1636; x_wconf 92' lang='lat' dir='ltr'>haec</span> <span class='ocrx_word' id='word_1_94' title='bbox 645 1587 716 1636; x_wconf 89' lang='lat' dir='ltr'>sunt</span> <span class='ocrx_word' id='word_1_95' title='bbox 731 1580 901 1655; x_wconf 88' lang='lat' dir='ltr'>penetralia</span> <span class='ocrx_word' id='word_1_96' title='bbox 917 1578 1017 1654; x_wconf 86' lang='lat' dir='ltr'>magni</span> 
     </span>
     <span class='ocr_line' id='line_1_16' title="bbox 105 1677 1093 1742; baseline 0.007 -7"><span class='ocrx_word' id='word_1_97' title='bbox 105 1678 212 1737; x_wconf 91' lang='lat' dir='ltr'>amnis.</span> <span class='ocrx_word' id='word_1_98' title='bbox 259 1680 294 1735; x_wconf 91' lang='lat' dir='ltr'>ln</span> <span class='ocrx_word' id='word_1_99' title='bbox 312 1677 360 1736; x_wconf 92' lang='lat' dir='ltr'>his</span> <span class='ocrx_word' id='word_1_100' title='bbox 376 1679 516 1738; x_wconf 88' lang='lat' dir='ltr'>residens</span> <span class='ocrx_word' id='word_1_101' title='bbox 531 1679 612 1737; x_wconf 83' lang='lat' dir='ltr'>iacto</span> <span class='ocrx_word' id='word_1_102' title='bbox 628 1680 666 1738; x_wconf 91' lang='lat' dir='ltr'>de</span> <span class='ocrx_word' id='word_1_103' title='bbox 682 1679 823 1738; x_wconf 89' lang='lat' dir='ltr'>cautibus</span> <span class='ocrx_word' id='word_1_104' title='bbox 840 1691 926 1738; x_wconf 89' lang='lat' dir='ltr'>antro</span> <span class='ocrx_word' id='word_1_105' title='bbox 1049 1691 1093 1742; x_wconf 86' lang='grc'>575</span> 
     </span>
     <span class='ocr_line' id='line_1_17' title="bbox 105 1778 917 1856; baseline 0.004 -22"><span class='ocrx_word' id='word_1_106' title='bbox 105 1778 195 1837; x_wconf 89' lang='lat' dir='ltr'>undis</span> <span class='ocrx_word' id='word_1_107' title='bbox 211 1778 276 1836; x_wconf 89' lang='lat' dir='ltr'>iura</span> <span class='ocrx_word' id='word_1_108' title='bbox 291 1778 386 1837; x_wconf 88' lang='lat' dir='ltr'>dabat</span> <span class='ocrx_word' id='word_1_109' title='bbox 402 1779 605 1856; x_wconf 90' lang='lat' dir='ltr'>nymphisque</span> <span class='ocrx_word' id='word_1_110' title='bbox 621 1780 794 1839; x_wconf 91' lang='lat' dir='ltr'>colentibus</span> <span class='ocrx_word' id='word_1_111' title='bbox 810 1781 917 1838; x_wconf 86' lang='lat' dir='ltr'>undas.</span> 
     </span>
     <span class='ocr_line' id='line_1_18' title="bbox 106 1878 859 1957; baseline -0.001 -19"><span class='ocrx_word' id='word_1_112' title='bbox 106 1878 303 1938; x_wconf 87' lang='lat' dir='ltr'>Conveniunt</span> <span class='ocrx_word' id='word_1_113' title='bbox 318 1879 390 1939; x_wconf 90' lang='lat' dir='ltr'>illuc</span> <span class='ocrx_word' id='word_1_114' title='bbox 405 1879 565 1956; x_wconf 89' lang='lat' dir='ltr'>popularia</span> <span class='ocrx_word' id='word_1_115' title='bbox 580 1879 705 1938; x_wconf 89' lang='lat' dir='ltr'>llumina</span> <span class='ocrx_word' id='word_1_116' title='bbox 720 1881 859 1957; x_wconf 90' lang='lat' dir='ltr'>primum,</span> 
     </span>
     <span class='ocr_line' id='line_1_19' title="bbox 106 1979 812 2058; baseline 0.003 -22"><span class='ocrx_word' id='word_1_117' title='bbox 106 1979 209 2038; x_wconf 88' lang='lat' dir='ltr'>nescia</span> <span class='ocrx_word' id='word_1_118' title='bbox 223 1989 380 2057; x_wconf 84' lang='lat' dir='ltr'>gratentur</span> <span class='ocrx_word' id='word_1_119' title='bbox 395 1982 631 2040; x_wconf 90' lang='lat' dir='ltr'>consolenturne</span> <span class='ocrx_word' id='word_1_120' title='bbox 647 1991 812 2058; x_wconf 89' lang='lat' dir='ltr'>parentem,</span> 
     </span>
     <span class='ocr_line' id='line_1_20' title="bbox 105 2079 844 2157; baseline 0.003 -20"><span class='ocrx_word' id='word_1_121' title='bbox 105 2079 258 2154; x_wconf 78' lang='lat' dir='ltr'>populifer</span> <span class='ocrx_word' id='word_1_122' title='bbox 275 2080 440 2155; x_wconf 89' lang='lat' dir='ltr'>Sperchios</span> <span class='ocrx_word' id='word_1_123' title='bbox 456 2090 486 2140; x_wconf 94' lang='lat' dir='ltr'>et</span> <span class='ocrx_word' id='word_1_124' title='bbox 502 2081 690 2156; x_wconf 88' lang='lat' dir='ltr'>inrequietus</span> <span class='ocrx_word' id='word_1_125' title='bbox 708 2080 844 2157; x_wconf 87' lang='lat' dir='ltr'>Enipeus</span> 
     </span>
     <span class='ocr_line' id='line_1_21' title="bbox 106 2179 1096 2258; baseline 0.007 -22"><span class='ocrx_word' id='word_1_126' title='bbox 106 2179 330 2255; x_wconf 87' lang='lat' dir='ltr'>Apidanusque</span> <span class='ocrx_word' id='word_1_127' title='bbox 346 2199 441 2240; x_wconf 90' lang='lat' dir='ltr'>senex</span> <span class='ocrx_word' id='word_1_128' title='bbox 456 2181 595 2257; x_wconf 92' lang='lat' dir='ltr'>lenisque</span> <span class='ocrx_word' id='word_1_129' title='bbox 611 2180 803 2258; x_wconf 85' lang='lat' dir='ltr'>Amphrysus</span> <span class='ocrx_word' id='word_1_130' title='bbox 818 2191 848 2240; x_wconf 88' lang='lat' dir='ltr'>et</span> <span class='ocrx_word' id='word_1_131' title='bbox 866 2185 954 2250; x_wconf 88' lang='lat' dir='ltr'>Aeas,</span> <span class='ocrx_word' id='word_1_132' title='bbox 1050 2181 1096 2243; x_wconf 66' lang='grc' dir='ltr'>58ο</span> 
     </span>
     <span class='ocr_line' id='line_1_22' title="bbox 105 2280 907 2357; baseline 0.002 -21"><span class='ocrx_word' id='word_1_133' title='bbox 105 2298 236 2355; x_wconf 87' lang='lat' dir='ltr'>moxque</span> <span class='ocrx_word' id='word_1_134' title='bbox 253 2299 360 2339; x_wconf 91' lang='lat' dir='ltr'>amnes</span> <span class='ocrx_word' id='word_1_135' title='bbox 377 2281 427 2340; x_wconf 91' lang='lat' dir='ltr'>alii</span> <span class='ocrx_word' id='word_1_136' title='bbox 444 2281 505 2357; x_wconf 92' lang='lat' dir='ltr'>qui,</span> <span class='ocrx_word' id='word_1_137' title='bbox 523 2299 584 2357; x_wconf 91' lang='lat' dir='ltr'>qua</span> <span class='ocrx_word' id='word_1_138' title='bbox 599 2281 668 2339; x_wconf 91' lang='lat' dir='ltr'>tulit</span> <span class='ocrx_word' id='word_1_139' title='bbox 684 2281 816 2356; x_wconf 90' lang='lat' dir='ltr'>impetus</span> <span class='ocrx_word' id='word_1_140' title='bbox 832 2280 907 2348; x_wconf 88' lang='lat' dir='ltr'>illos,</span> 
     </span>
     <span class='ocr_line' id='line_1_23' title="bbox 106 2381 816 2442; baseline 0.007 -6"><span class='ocrx_word' id='word_1_141' title='bbox 106 2381 135 2437; x_wconf 91' lang='lat' dir='ltr'>in</span> <span class='ocrx_word' id='word_1_142' title='bbox 152 2399 235 2439; x_wconf 89' lang='lat' dir='ltr'>mare</span> <span class='ocrx_word' id='word_1_143' title='bbox 252 2381 409 2442; x_wconf 88' lang='lat' dir='ltr'>deducunt</span> <span class='ocrx_word' id='word_1_144' title='bbox 423 2381 524 2441; x_wconf 81' lang='lat' dir='ltr'>iessas</span> <span class='ocrx_word' id='word_1_145' title='bbox 539 2382 692 2440; x_wconf 89' lang='lat' dir='ltr'>erroribus</span> <span class='ocrx_word' id='word_1_146' title='bbox 708 2382 816 2441; x_wconf 89' lang='lat' dir='ltr'>undas.</span> 
     </span>
    </p>

    <p class='ocr_par' dir='ltr' id='par_1_9' title="bbox 106 2480 875 2558">
     <span class='ocr_line' id='line_1_24' title="bbox 106 2480 875 2558; baseline 0.003 -20"><span class='ocrx_word' id='word_1_147' title='bbox 106 2480 242 2539; x_wconf 91' lang='lat' dir='ltr'>Inachus</span> <span class='ocrx_word' id='word_1_148' title='bbox 258 2500 338 2540; x_wconf 91' lang='lat' dir='ltr'>unus</span> <span class='ocrx_word' id='word_1_149' title='bbox 355 2483 443 2541; x_wconf 90' lang='lat' dir='ltr'>abest</span> <span class='ocrx_word' id='word_1_150' title='bbox 458 2483 581 2558; x_wconf 89' lang='lat' dir='ltr'>imoque</span> <span class='ocrx_word' id='word_1_151' title='bbox 597 2481 772 2541; x_wconf 90' lang='lat' dir='ltr'>reconditus</span> <span class='ocrx_word' id='word_1_152' title='bbox 789 2493 875 2540; x_wconf 91' lang='lat' dir='ltr'>antro</span> 
     </span>
    </p>

    <p class='ocr_par' dir='ltr' id='par_1_10' title="bbox 105 2581 889 2659">
     <span class='ocr_line' id='line_1_25' title="bbox 105 2581 889 2659; baseline 0.003 -21"><span class='ocrx_word' id='word_1_153' title='bbox 105 2581 227 2640; x_wconf 86' lang='lat' dir='ltr'>fletibus</span> <span class='ocrx_word' id='word_1_154' title='bbox 243 2592 334 2659; x_wconf 85' lang='lat' dir='ltr'>auget</span> <span class='ocrx_word' id='word_1_155' title='bbox 350 2602 456 2659; x_wconf 92' lang='lat' dir='ltr'>aquas,</span> <span class='ocrx_word' id='word_1_156' title='bbox 473 2593 636 2658; x_wconf 91' lang='lat' dir='ltr'>natamque</span> <span class='ocrx_word' id='word_1_157' title='bbox 652 2583 838 2642; x_wconf 87' lang='lat' dir='ltr'>miserrimus</span> <span class='ocrx_word' id='word_1_158' title='bbox 855 2585 889 2640; x_wconf 92' lang='lat' dir='ltr'>Io</span> 
     </span>
    </p>

    <p class='ocr_par' dir='ltr' id='par_1_11' title="bbox 105 2682 1096 2860">
     <span class='ocr_line' id='line_1_26' title="bbox 105 2682 1096 2760; baseline 0.01 -22"><span class='ocrx_word' id='word_1_159' title='bbox 105 2682 188 2760; x_wconf 91' lang='lat' dir='ltr'>luget</span> <span class='ocrx_word' id='word_1_160' title='bbox 203 2692 236 2741; x_wconf 91' lang='lat' dir='ltr'>ut</span> <span class='ocrx_word' id='word_1_161' title='bbox 251 2683 403 2743; x_wconf 91' lang='lat' dir='ltr'>amissam.</span> <span class='ocrx_word' id='word_1_162' title='bbox 450 2684 558 2743; x_wconf 88' lang='lat' dir='ltr'>Nescit</span> <span class='ocrx_word' id='word_1_163' title='bbox 573 2683 675 2744; x_wconf 89' lang='lat' dir='ltr'>vitane</span> <span class='ocrx_word' id='word_1_164' title='bbox 690 2683 807 2742; x_wconf 78' lang='lat' dir='ltr'>truatur</span> <span class='ocrx_word' id='word_1_165' title='bbox 1050 2683 1096 2748; x_wconf 81' lang='lat'>585</span> 
     </span>
     <span class='ocr_line' id='line_1_27' title="bbox 106 2782 1008 2860; baseline -0.001 -19"><span class='ocrx_word' id='word_1_166' title='bbox 106 2802 143 2841; x_wconf 90' lang='lat' dir='ltr'>an</span> <span class='ocrx_word' id='word_1_167' title='bbox 161 2782 201 2842; x_wconf 91' lang='lat' dir='ltr'>sit</span> <span class='ocrx_word' id='word_1_168' title='bbox 216 2783 299 2859; x_wconf 85' lang='lat' dir='ltr'>apud</span> <span class='ocrx_word' id='word_1_169' title='bbox 316 2801 429 2843; x_wconf 87' lang='lat' dir='ltr'>manes.</span> <span class='ocrx_word' id='word_1_170' title='bbox 476 2785 537 2845; x_wconf 91' lang='lat' dir='ltr'>Sed</span> <span class='ocrx_word' id='word_1_171' title='bbox 554 2803 645 2860; x_wconf 91' lang='lat' dir='ltr'>quam</span> <span class='ocrx_word' id='word_1_172' title='bbox 661 2803 724 2844; x_wconf 90' lang='lat' dir='ltr'>non</span> <span class='ocrx_word' id='word_1_173' title='bbox 740 2783 855 2843; x_wconf 88' lang='lat' dir='ltr'>invenit</span> <span class='ocrx_word' id='word_1_174' title='bbox 872 2803 1008 2860; x_wconf 87' lang='lat' dir='ltr'>usquam,</span> 
     </span>
    </p>

    <p class='ocr_par' dir='ltr' id='par_1_12' title="bbox 106 2886 932 2962">
     <span class='ocr_line' id='line_1_28' title="bbox 106 2886 932 2962; baseline 0 -20"><span class='ocrx_word' id='word_1_175' title='bbox 106 2902 173 2942; x_wconf 90' lang='lat' dir='ltr'>esse</span> <span class='ocrx_word' id='word_1_176' title='bbox 190 2892 277 2959; x_wconf 91' lang='lat' dir='ltr'>putat</span> <span class='ocrx_word' id='word_1_177' title='bbox 292 2903 443 2960; x_wconf 90' lang='lat' dir='ltr'>nusquam</span> <span class='ocrx_word' id='word_1_178' title='bbox 460 2895 552 2961; x_wconf 91' lang='lat' dir='ltr'>atque</span> <span class='ocrx_word' id='word_1_179' title='bbox 568 2886 671 2944; x_wconf 93' lang='lat' dir='ltr'>animo</span> <span class='ocrx_word' id='word_1_180' title='bbox 686 2886 791 2962; x_wconf 88' lang='lat' dir='ltr'>peiora</span> <span class='ocrx_word' id='word_1_181' title='bbox 806 2895 932 2944; x_wconf 89' lang='lat' dir='ltr'>veretur.</span> 
     </span>
    </p>
   </div>
   <div class='ocr_carea' id='block_1_3' title="bbox 106 3071 1027 3261">
    <p class='ocr_par' dir='ltr' id='par_1_13' title="bbox 106 3071 1027 3261">
     <span class='ocr_line' id='line_1_29' title="bbox 150 3071 1027 3161; baseline 0.001 -21"><span class='ocrx_word' id='word_1_182' title='bbox 150 3085 286 3161; x_wconf 82' lang='lat' dir='ltr'>(Jupiter</span> <span class='ocrx_word' id='word_1_183' title='bbox 299 3071 363 3142; x_wconf 72' lang='lat' dir='ltr'>aad</span> <span class='ocrx_word' id='word_1_184' title='bbox 380 3087 463 3143; x_wconf 81' lang='lat' dir='ltr'>loned</span> <span class='ocrx_word' id='word_1_185' title='bbox 474 3088 515 3155; x_wconf 82' lang='lat' dir='ltr'>ln,</span> <span class='ocrx_word' id='word_1_186' title='bbox 534 3089 585 3144; x_wconf 79' lang='lat' dir='ltr'>lut</span> <span class='ocrx_word' id='word_1_187' title='bbox 598 3105 633 3143; x_wconf 84' lang='lat' dir='ltr'>rm</span> <span class='ocrx_word' id='word_1_188' title='bbox 656 3095 773 3143; x_wconf 80' lang='lat' dir='ltr'>account</span> <span class='ocrx_word' id='word_1_189' title='bbox 786 3087 823 3160; x_wconf 53' lang='grc' dir='ltr'>(ᾔ</span> <span class='ocrx_word' id='word_1_190' title='bbox 837 3087 883 3143; x_wconf 79' lang='lat' dir='ltr'>llic</span> <span class='ocrx_word' id='word_1_191' title='bbox 891 3089 1027 3161; x_wconf 79' lang='lat' dir='ltr'>jcalousy</span> 
     </span>
     <span class='ocr_line' id='line_1_30' title="bbox 106 3184 722 3261; baseline 0.006 -23"><span class='ocrx_word' id='word_1_192' title='bbox 106 3185 227 3258; x_wconf 66' lang='lat' dir='ltr'>rffsrcno</span> <span class='ocrx_word' id='word_1_193' title='bbox 241 3185 277 3240; x_wconf 75' lang='lat' dir='ltr'>lte</span> <span class='ocrx_word' id='word_1_194' title='bbox 291 3185 421 3261; x_wconf 76' lang='lat' dir='ltr'>changed</span> <span class='ocrx_word' id='word_1_195' title='bbox 431 3187 485 3244; x_wconf 81' lang='lat' dir='ltr'>her</span> <span class='ocrx_word' id='word_1_196' title='bbox 499 3187 559 3243; x_wconf 84' lang='lat' dir='ltr'>into</span> <span class='ocrx_word' id='word_1_197' title='bbox 573 3205 591 3242; x_wconf 83' lang='lat' dir='ltr'>a</span> <span class='ocrx_word' id='word_1_198' title='bbox 607 3187 655 3242; x_wconf 80' lang='lat' dir='ltr'>hei</span> <span class='ocrx_word' id='word_1_199' title='bbox 666 3184 722 3260; x_wconf 87' lang='lat' dir='ltr'>er.)</span> 
     </span>
    </p>
   </div>
   <div class='ocr_carea' id='block_1_4' title="bbox 0 0 1482 3552">
    <p class='ocr_par' dir='ltr' id='par_1_14' title="bbox 0 0 1482 3552">
     <span class='ocr_line' id='line_1_31' title="bbox 0 0 1482 3552; baseline 0 0"><span class='ocrx_word' id='word_1_200' title='bbox 0 0 1482 3552; x_wconf 95' lang='lat' dir='ltr'> </span> 
     </span>
    </p>
   </div>
  </div>
 </body>
</html>
